@techreport{stanford2020symbolic,
author = {Stanford, Caleb and Veanes, Margus and Bj√∏rner, Nikolaj},
title = {Symbolic Boolean Derivatives for Efficiently Solving Extended Regular Expression Constraints},
institution = {Microsoft},
year = {2020},
month = {August},
url = {https://www.microsoft.com/en-us/research/publication/symbolic-boolean-derivatives-for-efficiently-solving-extended-regular-expression-constraints/},
number = {MSR-TR-2020-25},
}

@inproceedings{Gurfinkel22,
  author    = {Arie Gurfinkel},
  title     = {Program Verification with Constrained Horn Clauses (Invited Paper)},
  booktitle = {CAV},
  year      = {2022},
  doi       = {10.1007/978-3-031-13185-1_2},
}

@inproceedings{BjornerN20,
  author    = {Nikolaj S. Bj{\o}rner and
               Lev Nachmanson},
  title     = {Navigating the Universe of {Z3} Theory Solvers},
  booktitle = {SBMF},
  year      = {2020},
  doi       = {10.1007/978-3-030-63882-5_2},
}

@inproceedings{PassmoreCIABKKM20,
  author    = {Grant O. Passmore and
               Simon Cruanes and
               Denis Ignatovich and
               Dave Aitken and
               Matt Bray and
               Elijah Kagan and
               Kostya Kanishev and
               Ewen Maclean and
               Nicola Mometto},
  title     = {The Imandra Automated Reasoning System (System Description)},
  booktitle = {IJCAR},
  year      = {2020},
  doi       = {10.1007/978-3-030-51054-1_30},
}

@inproceedings{Minato93,
  author    = {Shin{-}ichi Minato},
  editor    = {Alfred E. Dunlop},
  title     = {Zero-Suppressed BDDs for Set Manipulation in Combinatorial Problems},
  booktitle = {DAC},
  year      = {1993},
  doi       = {10.1145/157485.164890},
}

@inproceedings{BalunovicBV18,
  author    = {Mislav Balunovic and
               Pavol Bielik and
               Martin T. Vechev},
  title     = {Learning to Solve {SMT} Formulas},
  booktitle = {NeurIPS 2018},
  year      = {2018},
  url       = {https://proceedings.neurips.cc/paper/2018/hash/68331ff0427b551b68e911eebe35233b-Abstract.html},
}


@inproceedings{NishinoYMN16,
  author    = {Masaaki Nishino and
               Norihito Yasuda and
               Shin{-}ichi Minato and
               Masaaki Nagata},
  title     = {Zero-Suppressed Sentential Decision Diagrams},
  booktitle = {AAAI},
  year      = {2016},
  url       = {http://www.aaai.org/ocs/index.php/AAAI/AAAI16/paper/view/12434},
}

@inproceedings{BrombergerW16,
  author    = {Martin Bromberger and
               Christoph Weidenbach},
  title     = {Fast Cube Tests for {LIA} Constraint Solving},
  booktitle = {IJCAR},
  year      = {2016},
  doi       = {10.1007/978-3-319-40229-1_9},
}

@article{VeanesBNB17,
  author    = {Margus Veanes and
               Nikolaj Bj{\o}rner and
               Lev Nachmanson and
               Sergey Bereg},
  title     = {Monadic Decomposition},
  journal   = {J. {ACM}},
  volume    = {64},
  number    = {2},
  pages     = {14:1--14:28},
  year      = {2017},
  url       = {http://doi.acm.org/10.1145/3040488},
  doi       = {10.1145/3040488},
  timestamp = {Wed, 07 Jun 2017 23:25:02 +0200},
  biburl    = {https://dblp.org/rec/bib/journals/jacm/VeanesBNB17},
  bibsource = {dblp computer science bibliography, https://dblp.org}
}

@article{DowneyST80,
  author    = {Peter J. Downey and
               Ravi Sethi and
               Robert Endre Tarjan},
  title     = {Variations on the Common Subexpression Problem},
  journal   = {J. {ACM}},
  volume    = {27},
  number    = {4},
  pages     = {758--771},
  year      = {1980},
  url       = {http://doi.acm.org/10.1145/322217.322228},
  doi       = {10.1145/322217.322228},
  timestamp = {Thu, 26 Jan 2012 17:31:32 +0100},
  biburl    = {https://dblp.org/rec/bib/journals/jacm/DowneyST80},
  bibsource = {dblp computer science bibliography, https://dblp.org}
}

@article{Tarjan75,
  author    = {Robert Endre Tarjan},
  title     = {Efficiency of a Good But Not Linear Set Union Algorithm},
  journal   = {J. {ACM}},
  volume    = {22},
  number    = {2},
  pages     = {215--225},
  year      = {1975},
  url       = {http://doi.acm.org/10.1145/321879.321884},
  doi       = {10.1145/321879.321884},
  timestamp = {Thu, 26 Jan 2012 17:31:32 +0100},
  biburl    = {https://dblp.org/rec/bib/journals/jacm/Tarjan75},
  bibsource = {dblp computer science bibliography, https://dblp.org}
}

@inproceedings{ColmerauerD00,
  author    = {Alain Colmerauer and
               Thi{-}Bich{-}Hanh Dao},
  title     = {Expressiveness of Full First Order Constraints in the Algebra of Finite
               or Infinite Trees},
  booktitle = {Principles and Practice of Constraint Programming - {CP} 2000, 6th
               International Conference, Singapore, September 18-21, 2000, Proceedings},
  pages     = {172--186},
  year      = {2000},
  crossref  = {DBLP:conf/cp/2000},
  url       = {https://doi.org/10.1007/3-540-45349-0_14},
  doi       = {10.1007/3-540-45349-0_14},
  timestamp = {Wed, 24 May 2017 15:40:42 +0200},
  biburl    = {https://dblp.org/rec/bib/conf/cp/ColmerauerD00},
  bibsource = {dblp computer science bibliography, https://dblp.org}
}
@proceedings{DBLP:conf/cp/2000,
  editor    = {Rina Dechter},
  title     = {Principles and Practice of Constraint Programming - {CP} 2000, 6th
               International Conference, Singapore, September 18-21, 2000, Proceedings},
  series    = {Lecture Notes in Computer Science},
  volume    = {1894},
  publisher = {Springer},
  year      = {2000},
  url       = {https://doi.org/10.1007/3-540-45349-0},
  doi       = {10.1007/3-540-45349-0},
  isbn      = {3-540-41053-8},
  timestamp = {Wed, 24 May 2017 15:40:42 +0200},
  biburl    = {https://dblp.org/rec/bib/conf/cp/2000},
  bibsource = {dblp computer science bibliography, https://dblp.org}
}

@inproceedings{NiemetzPRBT18,
  author    = {Aina Niemetz and
               Mathias Preiner and
               Andrew Reynolds and
               Clark Barrett and
               Cesare Tinelli},
  editor    = {Hana Chockler and
               Georg Weissenbacher},
  title     = {Solving Quantified Bit-Vectors Using Invertibility Conditions},
  booktitle = {Computer Aided Verification - 30th International Conference, {CAV}
               2018, Held as Part of the Federated Logic Conference, FloC 2018, Oxford,
               UK, July 14-17, 2018, Proceedings, Part {II}},
  series    = {Lecture Notes in Computer Science},
  volume    = {10982},
  pages     = {236--255},
  publisher = {Springer},
  year      = {2018},
  doi       = {10.1007/978-3-319-96142-2_16},
}

@incollection{Biere09,
  author    = {Armin Biere},
  title     = {Bounded Model Checking},
  booktitle = {Handbook of Satisfiability},
  pages     = {457--481},
  year      = {2009},
  crossref  = {DBLP:series/faia/2009-185},
  url       = {https://doi.org/10.3233/978-1-58603-929-5-457},
  doi       = {10.3233/978-1-58603-929-5-457},
  timestamp = {Tue, 16 May 2017 14:24:21 +0200},
  biburl    = {https://dblp.org/rec/bib/series/faia/Biere09},
  bibsource = {dblp computer science bibliography, https://dblp.org}
}
@proceedings{DBLP:series/faia/2009-185,
  editor    = {Armin Biere and
               Marijn Heule and
               Hans van Maaren and
               Toby Walsh},
  title     = {Handbook of Satisfiability},
  series    = {Frontiers in Artificial Intelligence and Applications},
  volume    = {185},
  publisher = {{IOS} Press},
  year      = {2009},
  isbn      = {978-1-58603-929-5},
  timestamp = {Wed, 16 Sep 2009 11:21:15 +0200},
  biburl    = {https://dblp.org/rec/bib/series/faia/2009-185},
  bibsource = {dblp computer science bibliography, https://dblp.org}
}

@article{HeuleJLSB15,
  author    = {Marijn Heule and
               Matti J{\"{a}}rvisalo and
               Florian Lonsing and
               Martina Seidl and
               Armin Biere},
  title     = {Clause Elimination for {SAT} and {QSAT}},
  journal   = {J. Artif. Intell. Res.},
  volume    = {53},
  pages     = {127--168},
  year      = {2015},
  url       = {https://doi.org/10.1613/jair.4694},
  doi       = {10.1613/jair.4694},
  timestamp = {Wed, 21 Jun 2017 14:58:54 +0200},
  biburl    = {https://dblp.org/rec/bib/journals/jair/HeuleJLSB15},
  bibsource = {dblp computer science bibliography, https://dblp.org}
}

@inproceedings{SAT15,
  author    = {Christain Zielke and
               Michael Kaufmann},
  editor    = {Marijn Heule and
               Sean Weaver},
  title     = {A New Approach to Partial {MUS} Enumeration},
  booktitle = {SAT15},
  series    = {Lecture Notes in Computer Science},
  volume    = {9340},
  pages     = {387--404},
  publisher = {Springer},
  year      = {2015},
}

@inproceedings{NarodytskaBMS18,
  author    = {Nina Narodytska and
               Nikolaj Bj{\o}rner and
               Maria{-}Cristina Marinescu and
               Mooly Sagiv},
  title     = {Core-Guided Minimal Correction Set and Core Enumeration},
  booktitle = {Proceedings of the Twenty-Seventh International Joint Conference on
               Artificial Intelligence, {IJCAI} 2018, July 13-19, 2018, Stockholm,
               Sweden.},
  pages     = {1353--1361},
  year      = {2018},
  crossref  = {DBLP:conf/ijcai/2018},
  url       = {https://doi.org/10.24963/ijcai.2018/188},
  doi       = {10.24963/ijcai.2018/188},
  timestamp = {Sat, 28 Jul 2018 14:39:21 +0200},
  biburl    = {https://dblp.org/rec/bib/conf/ijcai/NarodytskaBMS18},
  bibsource = {dblp computer science bibliography, https://dblp.org}
}
@proceedings{DBLP:conf/ijcai/2018,
  editor    = {J{\'{e}}r{\^{o}}me Lang},
  title     = {Proceedings of the Twenty-Seventh International Joint Conference on
               Artificial Intelligence, {IJCAI} 2018, July 13-19, 2018, Stockholm,
               Sweden},
  publisher = {ijcai.org},
  year      = {2018},
  url       = {http://www.ijcai.org/proceedings/2018/},
  isbn      = {978-0-9992411-2-7},
  timestamp = {Sat, 28 Jul 2018 14:39:21 +0200},
  biburl    = {https://dblp.org/rec/bib/conf/ijcai/2018},
  bibsource = {dblp computer science bibliography, https://dblp.org}
}

@inproceedings{AlvianoDR15,
  author    = {Mario Alviano and
               Carmine Dodaro and
               Francesco Ricca},
  title     = {A MaxSAT Algorithm Using Cardinality Constraints of Bounded Size},
  booktitle = {{IJCAI} 2015, Buenos Aires, Argentina, July
               25-31, 2015},
  pages     = {2677--2683},
  publisher = {{AAAI} Press},
  year      = {2015}
}

@inproceedings{LiffitonS09,
  author    = {Mark H. Liffiton and
               Karem A. Sakallah},
  title     = {Generalizing Core-Guided Max-SAT},
  booktitle = {Theory and Applications of Satisfiability Testing - {SAT} 2009, 12th
               International Conference, {SAT} 2009, Swansea, UK, June 30 - July
               3, 2009. Proceedings},
  volume    = {5584},
  pages     = {481--494},
  publisher = {Springer},
  year      = {2009}
}

@inproceedings{AndresKMS12,
  author    = {Benjamin Andres and
               Benjamin Kaufmann and
               Oliver Matheis and
               Torsten Schaub},
  title     = {Unsatisfiability-based optimization in clasp},
  booktitle = {{ICLP} 2012, September 4-8, 2012, Budapest, Hungary},
  series    = {LIPIcs},
  volume    = {17},
  pages     = {211--221},
  publisher = {Schloss Dagstuhl - Leibniz-Zentrum fuer Informatik},
  year      = {2012}
}

@article{jsatBelovM12,
  author    = {Anton Belov and
               Joao Marques{-}Silva},
  title     = {MUSer2: An Efficient {MUS} Extractor},
  journal   = {{JSAT}},
  volume    = {8},
  number    = {3/4},
  pages     = {123--128},
  year      = {2012}
  }


@misc{maxsatpm1,
  author    = {Mikoas Janota},
  title = {The {MiFuMaX} solver},
  howpublished = {\url{http://sat.inesc-id.pt/~mikolas/sw/mifumax/}},
  year      = {2013}
}


@misc{trie,
  author    = {Thibaut Tessil},
  title = {A C++ implementation of a fast and memory efficient {HAT-trie}},
  howpublished = {\url{https://github.com/Tessil/hat-trie/}},
  year      = {2017}
}


@misc{circumscriptino,
  author    = {Mario Alviano},
  title = {The {Circumscriptino} solver},
  howpublished = {\url{https://alviano.com/software/circumscriptino/}},
  year      = {2017}
}



@inproceedings{PrevitiM13,
  author    = {Alessandro Previti and
               Joao Marques{-}Silva},
  title     = {Partial {MUS} Enumeration},
  booktitle = {Proceedings of the Twenty-Seventh {AAAI} Conference on Artificial
               Intelligence, July 14-18, 2013, Bellevue, Washington, {USA.}},
  publisher = {{AAAI} Press},
  year      = {2013}
}

@misc{comp,
  author    = {Matti Jarvisalo and
Daniel Le Berre and
Joao Marques-Silva  and Olivier Roussel},
  title = {The {MUS} track of the 2011 {SAT} competition},
  howpublished = {\url{http://www.satcompetition.org/2011/}},
  year      = {2011}
}


@inproceedings{BacchusN14,
  author    = {Fahiem Bacchus and
               Nina Narodytska},
  title     = {Cores in Core Based MaxSat Algorithms: An Analysis},
  booktitle = {
               {SAT} 2014, Vienna, Austria, July 14-17, 2014. Proceedings},

  volume    = {8561},
  pages     = {7--15},
  publisher = {Springer},
  year      = {2014}
  }

@inproceedings{FuM06,
  author    = {Zhaohui Fu and
               Sharad Malik},
  title     = {On Solving the Partial {MAX-SAT} Problem},
  booktitle = {Theory and Applications of Satisfiability Testing - {SAT} 2006, 9th
               International Conference, Seattle, WA, USA, August 12-15, 2006, Proceedings},

  volume    = {4121},
  pages     = {252--265},
  publisher = {Springer},
  year      = {2006},
  }

@inproceedings{BelovM11,
  author    = {Anton Belov and
               Joao Marques{-}Silva},
  title     = {Accelerating {MUS} extraction with recursive model rotation},
  booktitle = {
               {FMCAD} '11, Austin, TX, USA, October 30 - November 02, 2011},
  pages     = {37--40},
  publisher = {{FMCAD} Inc.},
  year      = {2011},
  }

@article{Alviano17,
  author    = {Mario Alviano},
  title     = {Model enumeration in propositional circumscription via unsatisfiable
               core analysis},
  journal   = {{TPLP}},
  volume    = {17},
  number    = {5-6},
  pages     = {708--725},
  year      = {2017},
 }
@inproceedings{MarquesSilvaP08,
  author    = {Joao Marques{-}Silva and
               Jordi Planes},
  title     = {Algorithms for Maximum Satisfiability using Unsatisfiable Cores},
  booktitle = {Design, Automation and Test in Europe, {DATE} 2008, Munich, Germany,
               March 10-14, 2008},
  pages     = {408--413},
  publisher = {{ACM}},
  year      = {2008},
}
@inproceedings{MorgadoLM12,
  author    = {Antonio Morgado and
               Mark H. Liffiton and
               Joao Marques{-}Silva},
  title     = {MaxSAT-Based {MCS} Enumeration},
  booktitle = {{HVC} 2012, Haifa, Israel, November
               6-8, 2012. Revised Selected Papers},

  volume    = {7857},
  pages     = {86--101},
  publisher = {Springer},
  year      = {2012},
}

@inproceedings{MarquesSilvaHJPB13,
  author    = {Joao Marques{-}Silva and
               Federico Heras and
               Mikolas Janota and
               Alessandro Previti and
               Anton Belov},
  title     = {On Computing Minimal Correction Subsets},
  booktitle = {{IJCAI} 2013, Beijing, China, August 3-9, 2013},
  pages     = {615--622},
  publisher = {{IJCAI/AAAI}},
  year      = {2013}
}

@inproceedings{Junker04,
  author = {Junker, Ulrich},
  booktitle = {AAAI},
  keywords = {dblp},
  pages = {167-172},
  publisher = {AAAI Press / The MIT Press},
  title = {QUICKXPLAIN: Preferred Explanations and Relaxations for Over-Constrained Problems.},
  year = 2004
}


@inproceedings{Reveal,
 author = {Andraus, Zaher S. and Liffiton, Mark H. and Sakallah, Karem A.},
 title = {Reveal: A Formal Verification Tool for Verilog Designs},
 booktitle = {{LPAR '08}},
 year = {2008},
 isbn = {978-3-540-89438-4},
 location = {Doha, Qatar},
 pages = {343--352},
 numpages = {10}
}

@article{BelovLM12,
  author = {Belov, Anton and Lynce, Ines and Marques-Silva, Joao},
  journal = {AI Commun.},
  keywords = {dblp},
  number = 2,
  pages = {97-116},
  title = {Towards efficient MUS extraction.},
  volume = 25,
  year = 2012
}



@inproceedings{DBLP:conf/birthday/Schulz13,
  author    = {Stephan Schulz},
  title     = {Simple and Efficient Clause Subsumption with Feature Vector Indexing},
  booktitle = {Automated Reasoning and Mathematics - Essays in Memory of William
               W. McCune},
  pages     = {45--67},
  year      = {2013},
}

@proceedings{DBLP:conf/birthday/2013mccune,
  editor    = {Maria Paola Bonacina and
               Mark E. Stickel},
  title     = {Automated Reasoning and Mathematics - Essays in Memory of William
               W. McCune},

  volume    = {7788},
  publisher = {Springer},
  year      = {2013},
}


@article{liffiton2016fast,
  title={Fast, flexible MUS enumeration},
  author={Liffiton, Mark H and Previti, Alessandro and Malik, Ammar and Marques-Silva, Joao},
  journal={Constraints},
  volume={21},
  number={2},
  pages={223--250},
  year={2016},
  publisher={Springer US}
}


@article{DBLP:journals/constraints/LiffitonPMM16,
  author    = {Mark H. Liffiton and
               Alessandro Previti and
               Ammar Malik and
               Joao Marques{-}Silva},
  title     = {Fast, flexible {MUS} enumeration},
  journal   = {Constraints},
  volume    = {21},
  number    = {2},
  pages     = {223--250},
  year      = {2016},
}

@inproceedings{ZhaoL16,
  author    = {Wenting Zhao and
               Mark H. Liffiton},
  title     = {Parallelizing Partial {MUS} Enumeration},
  booktitle = {
               {ICTAI} 2016, San Jose, CA, USA, November 6-8, 2016},
  pages     = {464--471},
  year      = {2016},
}

@proceedings{DBLP:conf/ictai/2016,
  title     = {
               {ICTAI} 2016, San Jose, CA, USA, November 6-8, 2016},
  publisher = {{IEEE} Computer Society},
  year      = {2016},
}

@inproceedings{DBLP:conf/cp/IgnatievPLM15,
  author    = {Alexey Ignatiev and
               Alessandro Previti and
               Mark H. Liffiton and
               Joao Marques{-}Silva},
  title     = {Smallest {MUS} Extraction with Minimal Hitting Set Dualization},
  booktitle = { {CP} 2015, Cork, Ireland, August 31 - September 4, 2015,
               Proceedings},
  pages     = {173--182},
  year      = {2015},
}
@proceedings{DBLP:conf/cp/2015,
  editor    = {Gilles Pesant},
  title     = {Principles and Practice of Constraint Programming - 21st International
               Conference, {CP} 2015, Cork, Ireland, August 31 - September 4, 2015,
               Proceedings},

  volume    = {9255},
  publisher = {Springer},
  year      = {2015},
}

@inproceedings{DBLP:conf/cpaior/LiffitonM13,
  author    = {Mark H. Liffiton and
               Ammar Malik},
  title     = {Enumerating Infeasibility: Finding Multiple MUSes Quickly},
  booktitle = {
               {CPAIOR} 2013, Yorktown Heights, NY, USA, May 18-22, 2013. Proceedings},
  pages     = {160--175},
  year      = {2013},
}
@proceedings{DBLP:conf/cpaior/2013,
  editor    = {Carla P. Gomes and
               Meinolf Sellmann},
  title     = {
               {CPAIOR} 2013, Yorktown Heights, NY, USA, May 18-22, 2013. Proceedings},

  volume    = {7874},
  publisher = {Springer},
  year      = {2013},
}

@inproceedings{DBLP:conf/hvc/MorgadoLM12,
  author    = {Antonio Morgado and
               Mark H. Liffiton and
               Joao Marques{-}Silva},
  title     = {MaxSAT-Based {MCS} Enumeration},
  booktitle = {Hardware and Software: Verification and Testing - 8th International
               Haifa Verification Conference, {HVC} 2012, Haifa, Israel, November
               6-8, 2012. Revised Selected Papers},
  pages     = {86--101},
  year      = {2012},
}

@inproceedings{IhlemannJS08,
  author    = {Carsten Ihlemann and
               Swen Jacobs and
               Viorica Sofronie{-}Stokkermans},
  title     = {On Local Reasoning in Verification},
  booktitle = {Tools and Algorithms for the Construction and Analysis of Systems,
               14th International Conference, {TACAS} 2008, Held as Part of the Joint
               European Conferences on Theory and Practice of Software, {ETAPS} 2008,
               Budapest, Hungary, March 29-April 6, 2008. Proceedings},
  pages     = {265--281},
  year      = {2008},
  crossref  = {DBLP:conf/tacas/2008},
  url       = {https://doi.org/10.1007/978-3-540-78800-3_19},
  doi       = {10.1007/978-3-540-78800-3_19},
  timestamp = {Tue, 26 Jun 2018 14:11:57 +0200},
  biburl    = {https://dblp.org/rec/bib/conf/tacas/IhlemannJS08},
  bibsource = {dblp computer science bibliography, https://dblp.org}
}
@proceedings{DBLP:conf/tacas/2008,
  editor    = {C. R. Ramakrishnan and
               Jakob Rehof},
  title     = {Tools and Algorithms for the Construction and Analysis of Systems,
               14th International Conference, {TACAS} 2008, Held as Part of the Joint
               European Conferences on Theory and Practice of Software, {ETAPS} 2008,
               Budapest, Hungary, March 29-April 6, 2008. Proceedings},
  series    = {Lecture Notes in Computer Science},
  volume    = {4963},
  publisher = {Springer},
  year      = {2008},
  url       = {https://doi.org/10.1007/978-3-540-78800-3},
  doi       = {10.1007/978-3-540-78800-3},
  isbn      = {978-3-540-78799-0},
  timestamp = {Wed, 24 May 2017 08:28:32 +0200},
  biburl    = {https://dblp.org/rec/bib/conf/tacas/2008},
  bibsource = {dblp computer science bibliography, https://dblp.org}
}

@article{LiffitonS08,
  author    = {Mark H. Liffiton and
               Karem A. Sakallah},
  title     = {Algorithms for Computing Minimal Unsatisfiable Subsets of Constraints},
  journal   = {J. Autom. Reasoning},
  volume    = {40},
  number    = {1},
  pages     = {1--33},
  year      = {2008},
}


@inproceedings{DBLP:conf/sat/LiffitonS05,
  author    = {Mark H. Liffiton and
               Karem A. Sakallah},
  title     = {On Finding All Minimally Unsatisfiable Subformulas},
  booktitle = { {SAT} 2005, St. Andrews, UK, June 19-23, 2005, Proceedings},
  pages     = {173--186},
  year      = {2005}
}
@proceedings{DBLP:conf/sat/2005,
  editor    = {Fahiem Bacchus and
               Toby Walsh},
  title     = {{SAT} 2005, St. Andrews, UK, June 19-23, 2005, Proceedings},

  volume    = {3569},
  publisher = {Springer},
  year      = {2005}
  }

@inproceedings{NarodytskaB14,
  author    = {Nina Narodytska and
               Fahiem Bacchus},
  editor    = {Carla E. Brodley and
               Peter Stone},
  title     = {Maximum Satisfiability Using Core-Guided MaxSAT Resolution},
  booktitle = { {AAAI 2014},
               July 27 -31, 2014, Quebec City, Quebec, Canada.},
  pages     = {2717--2723},
  publisher = {{AAAI} Press},
  year      = {2014}
}
@inproceedings{BjornerN15,
  author    = {Nikolaj Bj{\o}rner and
               Nina Narodytska},
  title     = {Maximum Satisfiability Using Cores and Correction Sets},
  booktitle = { {IJCAI} 2015, Buenos Aires, Argentina, July
               25-31, 2015},
  pages     = {246--252},
  year      = {2015},
}


@article{Reiter87,
  author    = {Raymond Reiter},
  title     = {A Theory of Diagnosis from First Principles},
  journal   = {Artif. Intell.},
  volume    = {32},
  number    = {1},
  pages     = {57--95},
  year      = {1987},
}



@inproceedings{BacchusDTK14,
  author    = {Fahiem Bacchus and
               Jessica Davies and
               Maria Tsimpoukelli and
               George Katsirelos},
  editor    = {Carla E. Brodley and
               Peter Stone},
  title     = {Relaxation Search: {A} Simple Way of Managing Optional Clauses},
  booktitle =  {{AAAI 2014},
               July 27--31, 2014, Quebec City, Quebec, Canada.},
  pages     = {835--841},
  publisher = {{AAAI} Press},
  year      = {2014},
}


@inproceedings{PrevitiMJM17,
  author    = {Alessandro Previti and
               Carlos Mencia and
               Matti Jarvisalo and
               Joao Marques{-}Silva},
  editor    = {Serge Gaspers and
               Toby Walsh},
  title     = {Improving {MCS} Enumeration via Caching},
  booktitle = {{SAT 2017} August 28 - September
               1, 2017},
  series    = {Lecture Notes in Computer Science},
  volume    = {10491},
  pages     = {184--194},
  publisher = {Springer},
  year      = {2017},
}


@inproceedings{CostanGGMP05,
  author    = {Alexandru Costan and
               Stephane Gaubert and
               Eric Goubault and
               Matthieu Martel and
               Sylvie Putot},
  title     = {A Policy Iteration Algorithm for Computing Fixed Points in Static
               Analysis of Programs},
  booktitle = {Computer Aided Verification, 17th International Conference, {CAV}
               2005, Edinburgh, Scotland, UK, July 6-10, 2005, Proceedings},
  pages     = {462--475},
  year      = {2005},
  crossref  = {DBLP:conf/cav/2005},
  url       = {https://doi.org/10.1007/11513988_46},
  doi       = {10.1007/11513988_46},
  timestamp = {Tue, 30 May 2017 16:36:52 +0200},
  biburl    = {https://dblp.org/rec/bib/conf/cav/CostanGGMP05},
  bibsource = {dblp computer science bibliography, https://dblp.org}
}
@proceedings{DBLP:conf/cav/2005,
  editor    = {Kousha Etessami and
               Sriram K. Rajamani},
  title     = {Computer Aided Verification, 17th International Conference, {CAV}
               2005, Edinburgh, Scotland, UK, July 6-10, 2005, Proceedings},
  series    = {Lecture Notes in Computer Science},
  volume    = {3576},
  publisher = {Springer},
  year      = {2005},
  url       = {https://doi.org/10.1007/b138445},
  doi       = {10.1007/b138445},
  isbn      = {3-540-27231-3},
  timestamp = {Tue, 30 May 2017 16:36:52 +0200},
  biburl    = {https://dblp.org/rec/bib/conf/cav/2005},
  bibsource = {dblp computer science bibliography, https://dblp.org}
}
@inproceedings{GawlitzaS07,
  author    = {Thomas Gawlitza and
               Helmut Seidl},
  title     = {Precise Relational Invariants Through Strategy Iteration},
  booktitle = {Computer Science Logic, 21st International Workshop, {CSL} 2007, 16th
               Annual Conference of the EACSL, Lausanne, Switzerland, September 11-15,
               2007, Proceedings},
  pages     = {23--40},
  year      = {2007},
  crossref  = {DBLP:conf/csl/2007},
  url       = {https://doi.org/10.1007/978-3-540-74915-8_6},
  doi       = {10.1007/978-3-540-74915-8_6},
  timestamp = {Fri, 02 Jun 2017 13:01:07 +0200},
  biburl    = {https://dblp.org/rec/bib/conf/csl/GawlitzaS07},
  bibsource = {dblp computer science bibliography, https://dblp.org}
}
@proceedings{DBLP:conf/csl/2007,
  editor    = {Jacques Duparc and
               Thomas A. Henzinger},
  title     = {Computer Science Logic, 21st International Workshop, {CSL} 2007, 16th
               Annual Conference of the EACSL, Lausanne, Switzerland, September 11-15,
               2007, Proceedings},
  series    = {Lecture Notes in Computer Science},
  volume    = {4646},
  publisher = {Springer},
  year      = {2007},
  url       = {https://doi.org/10.1007/978-3-540-74915-8},
  doi       = {10.1007/978-3-540-74915-8},
  isbn      = {978-3-540-74914-1},
  timestamp = {Fri, 02 Jun 2017 13:01:07 +0200},
  biburl    = {https://dblp.org/rec/bib/conf/csl/2007},
  bibsource = {dblp computer science bibliography, https://dblp.org}
}
@inproceedings{KarpenkovMW16,
  author    = {Egor George Karpenkov and
               David Monniaux and
               Philipp Wendler},
  title     = {Program Analysis with Local Policy Iteration},
  booktitle = {Verification, Model Checking, and Abstract Interpretation - 17th International
               Conference, {VMCAI} 2016, St. Petersburg, FL, USA, January 17-19,
               2016. Proceedings},
  pages     = {127--146},
  year      = {2016},
  crossref  = {DBLP:conf/vmcai/2016},
  url       = {https://doi.org/10.1007/978-3-662-49122-5_6},
  doi       = {10.1007/978-3-662-49122-5_6},
  timestamp = {Sat, 16 Sep 2017 12:11:30 +0200},
  biburl    = {https://dblp.org/rec/bib/conf/vmcai/KarpenkovMW16},
  bibsource = {dblp computer science bibliography, https://dblp.org}
}
@proceedings{DBLP:conf/vmcai/2016,
  editor    = {Barbara Jobstmann and
               K. Rustan M. Leino},
  title     = {Verification, Model Checking, and Abstract Interpretation - 17th International
               Conference, {VMCAI} 2016, St. Petersburg, FL, USA, January 17-19,
               2016. Proceedings},
  series    = {Lecture Notes in Computer Science},
  volume    = {9583},
  publisher = {Springer},
  year      = {2016},
  url       = {https://doi.org/10.1007/978-3-662-49122-5},
  doi       = {10.1007/978-3-662-49122-5},
  isbn      = {978-3-662-49121-8},
  timestamp = {Wed, 24 May 2017 08:30:31 +0200},
  biburl    = {https://dblp.org/rec/bib/conf/vmcai/2016},
  bibsource = {dblp computer science bibliography, https://dblp.org}
}
@phdthesis{Karpenkov17,
  author    = {Egor George Karpenkov},
  title     = {Finding inductive invariants using satisfiability modulo theories
               and convex optimization. (Recherche d'invariants inductifs par satisfiabilit{\'{e}}
               modulo th{\'{e}}orie et optimisation convexe)},
  school    = {Grenoble Alpes University, France},
  year      = {2017},
  url       = {https://tel.archives-ouvertes.fr/tel-01681555},
  timestamp = {Fri, 09 Feb 2018 20:55:33 +0100},
  biburl    = {https://dblp.org/rec/bib/phd/hal/Karpenkov17},
  bibsource = {dblp computer science bibliography, https://dblp.org}
}
@inproceedings{BalcanDSV18,
  author    = {Maria{-}Florina Balcan and
               Travis Dick and
               Tuomas Sandholm and
               Ellen Vitercik},
  title     = {Learning to Branch},
  booktitle = {Proceedings of the 35th International Conference on Machine Learning,
               {ICML} 2018, Stockholmsm{\"{a}}ssan, Stockholm, Sweden, July
               10-15, 2018},
  pages     = {353--362},
  year      = {2018},
  crossref  = {DBLP:conf/icml/2018},
  url       = {http://proceedings.mlr.press/v80/balcan18a.html},
  timestamp = {Fri, 13 Jul 2018 14:58:25 +0200},
  biburl    = {https://dblp.org/rec/bib/conf/icml/BalcanDSV18},
  bibsource = {dblp computer science bibliography, https://dblp.org}
}
@inproceedings{BezemNR08,
  author    = {Marc Bezem and
               Robert Nieuwenhuis and
               Enric Rodr{\'{\i}}guez{-}Carbonell},
  title     = {The Max-Atom Problem and Its Relevance},
  booktitle = {Logic for Programming, Artificial Intelligence, and Reasoning, 15th
               International Conference, {LPAR} 2008, Doha, Qatar, November 22-27,
               2008. Proceedings},
  pages     = {47--61},
  year      = {2008},
  nocrossref  = {DBLP:conf/lpar/2008},
  url       = {https://doi.org/10.1007/978-3-540-89439-1_4},
  doi       = {10.1007/978-3-540-89439-1_4},
  timestamp = {Tue, 13 Jun 2017 10:37:56 +0200},
  biburl    = {https://dblp.org/rec/bib/conf/lpar/BezemNR08},
  bibsource = {dblp computer science bibliography, https://dblp.org}
}
@inproceedings{SofronieStokkermans05,
  author    = {Viorica Sofronie{-}Stokkermans},
  title     = {Hierarchic Reasoning in Local Theory Extensions},
  booktitle = {Automated Deduction - CADE-20, 20th International Conference on Automated
               Deduction, Tallinn, Estonia, July 22-27, 2005, Proceedings},
  pages     = {219--234},
  year      = {2005},
  crossref  = {DBLP:conf/cade/2005},
  url       = {https://doi.org/10.1007/11532231_16},
  doi       = {10.1007/11532231_16},
  timestamp = {Tue, 30 May 2017 16:36:52 +0200},
  biburl    = {https://dblp.org/rec/bib/conf/cade/Sofronie-Stokkermans05},
  bibsource = {dblp computer science bibliography, https://dblp.org}
}
@article{FontaineG05,
  author    = {Pascal Fontaine and
               E. Pascal Gribomont},
  title     = {Combining Non-stably Infinite, Non-first Order Theories},
  journal   = {Electr. Notes Theor. Comput. Sci.},
  volume    = {125},
  number    = {3},
  pages     = {37--51},
  year      = {2005},
  url       = {https://doi.org/10.1016/j.entcs.2004.06.066},
  doi       = {10.1016/j.entcs.2004.06.066},
  timestamp = {Sun, 28 May 2017 13:22:58 +0200},
  biburl    = {https://dblp.org/rec/bib/journals/entcs/FontaineG05},
  bibsource = {dblp computer science bibliography, https://dblp.org}
}
@inproceedings{ChocronFR15,
  author    = {Paula Chocron and
               Pascal Fontaine and
               Christophe Ringeissen},
  title     = {A Polite Non-Disjoint Combination Method: Theories with Bridging Functions
               Revisited},
  booktitle = {Automated Deduction - {CADE-25} - 25th International Conference on
               Automated Deduction, Berlin, Germany, August 1-7, 2015, Proceedings},
  pages     = {419--433},
  year      = {2015},
  crossref  = {DBLP:conf/cade/2015},
  url       = {https://doi.org/10.1007/978-3-319-21401-6_29},
  doi       = {10.1007/978-3-319-21401-6_29},
  timestamp = {Sun, 21 May 2017 00:17:17 +0200},
  biburl    = {https://dblp.org/rec/bib/conf/cade/ChocronFR15},
  bibsource = {dblp computer science bibliography, https://dblp.org}
}
@proceedings{DBLP:conf/cade/2015,
  editor    = {Amy P. Felty and
               Aart Middeldorp},
  title     = {Automated Deduction - {CADE-25} - 25th International Conference on
               Automated Deduction, Berlin, Germany, August 1-7, 2015, Proceedings},
  series    = {Lecture Notes in Computer Science},
  volume    = {9195},
  publisher = {Springer},
  year      = {2015},
  url       = {https://doi.org/10.1007/978-3-319-21401-6},
  doi       = {10.1007/978-3-319-21401-6},
  isbn      = {978-3-319-21400-9},
  timestamp = {Sun, 21 May 2017 00:17:17 +0200},
  biburl    = {https://dblp.org/rec/bib/conf/cade/2015},
  bibsource = {dblp computer science bibliography, https://dblp.org}
}
@inproceedings{SuterDK10,
  author    = {Philippe Suter and
               Mirco Dotta and
               Viktor Kuncak},
  title     = {Decision procedures for algebraic data types with abstractions},
  booktitle = {Proceedings of the 37th {ACM} {SIGPLAN-SIGACT} Symposium on Principles
               of Programming Languages, {POPL} 2010, Madrid, Spain, January 17-23,
               2010},
  pages     = {199--210},
  year      = {2010},
  crossref  = {DBLP:conf/popl/2010},
  url       = {http://doi.acm.org/10.1145/1706299.1706325},
  doi       = {10.1145/1706299.1706325},
  timestamp = {Tue, 22 May 2012 15:24:56 +0200},
  biburl    = {https://dblp.org/rec/bib/conf/popl/SuterDK10},
  bibsource = {dblp computer science bibliography, https://dblp.org}
}
@article{CohenM94,
  author    = {Edith Cohen and
               Nimrod Megiddo},
  title     = {Improved Algorithms for Linear Inequalities With Two Variables per
               Inequality},
  journal   = {{SIAM} J. Comput.},
  volume    = {23},
  number    = {6},
  pages     = {1313--1347},
  year      = {1994},
  url       = {https://doi.org/10.1137/S0097539791256325},
  doi       = {10.1137/S0097539791256325},
  timestamp = {Sat, 27 May 2017 14:22:58 +0200},
  biburl    = {https://dblp.org/rec/bib/journals/siamcomp/CohenM94},
  bibsource = {dblp computer science bibliography, https://dblp.org}
}
@proceedings{DBLP:conf/popl/2010,
  editor    = {Manuel V. Hermenegildo and
               Jens Palsberg},
  title     = {Proceedings of the 37th {ACM} {SIGPLAN-SIGACT} Symposium on Principles
               of Programming Languages, {POPL} 2010, Madrid, Spain, January 17-23,
               2010},
  publisher = {{ACM}},
  year      = {2010},
  url       = {http://dl.acm.org/citation.cfm?id=1706299},
  isbn      = {978-1-60558-479-9},
  timestamp = {Tue, 22 May 2012 15:24:56 +0200},
  biburl    = {https://dblp.org/rec/bib/conf/popl/2010},
  bibsource = {dblp computer science bibliography, https://dblp.org}
}
@article{ZhangSM06,
  author    = {Ting Zhang and
               Henny B. Sipma and
               Zohar Manna},
  title     = {Decision procedures for term algebras with integer constraints},
  journal   = {Inf. Comput.},
  volume    = {204},
  number    = {10},
  pages     = {1526--1574},
  year      = {2006},
  url       = {https://doi.org/10.1016/j.ic.2006.03.004},
  doi       = {10.1016/j.ic.2006.03.004},
  timestamp = {Thu, 18 May 2017 09:54:17 +0200},
  biburl    = {https://dblp.org/rec/bib/journals/iandc/ZhangSM06},
  bibsource = {dblp computer science bibliography, https://dblp.org}
}

@incollection{RamakrishnanSV01,
  author    = {I. V. Ramakrishnan and
               R. C. Sekar and
               Andrei Voronkov},
  title     = {Term Indexing},
  booktitle = {Handbook of Automated Reasoning (in 2 volumes)},
  pages     = {1853--1964},
  year      = {2001},
  crossref  = {DBLP:books/el/RobinsonV01},
  timestamp = {Wed, 29 Mar 2017 16:45:21 +0200},
  biburl    = {https://dblp.org/rec/bib/books/el/RV01/RamakrishnanSV01},
  bibsource = {dblp computer science bibliography, https://dblp.org}
}
@book{DBLP:books/el/RobinsonV01,
  editor    = {John Alan Robinson and
               Andrei Voronkov},
  title     = {Handbook of Automated Reasoning (in 2 volumes)},
  publisher = {Elsevier and {MIT} Press},
  year      = {2001},
  isbn      = {0-444-50813-9},
  timestamp = {Wed, 29 Mar 2017 16:45:21 +0200},
  biburl    = {https://dblp.org/rec/bib/books/el/RobinsonV01},
  bibsource = {dblp computer science bibliography, https://dblp.org}
}

@inproceedings{BjornerNachmanson18,
  author    = {Nikolaj Bj{\o}rner and Lev Nachmanson},
  title     = {Theorem recycling for Theorem Proving},
  booktitle = {Vampire 2017. Proceedings of the 4th Vampire Workshop},
  editor    = {{Laura Kov{\'a}cs and Andrei Voronkov}},
  series    = {EPiC Series in Computing},
  volume    = {53},
  pages     = {1--8},
  year      = {2018},
  publisher = {EasyChair},
  bibsource = {EasyChair, https://easychair.org},
  issn      = {2398-7340},
  url       = {https://easychair.org/publications/paper/qGfG},
  doi       = {10.29007/r58f}}


@MISC{SMTLIB2, 
  author = {Clark Barrett and Pascal Fontaine and Cesare Tinelli},
  title = {{The Satisfiability Modulo Theories Library (SMT-LIB)}},
  url = {http://smtlib.cs.uiowa.edu},
  year = 2016
} 

@inproceedings{KatzBDJK17,
  author    = {Guy Katz and
               Clark W. Barrett and
               David L. Dill and
               Kyle Julian and
               Mykel J. Kochenderfer},
  title     = {Reluplex: An Efficient {SMT} Solver for Verifying Deep Neural Networks},
  booktitle = {Computer Aided Verification - 29th International Conference, {CAV}
               2017, Heidelberg, Germany, July 24-28, 2017, Proceedings, Part {I}},
  pages     = {97--117},
  year      = {2017},
  crossref  = {DBLP:conf/cav/2017-1},
  url       = {https://doi.org/10.1007/978-3-319-63387-9_5},
  doi       = {10.1007/978-3-319-63387-9_5},
  timestamp = {Fri, 14 Jul 2017 12:55:54 +0200},
  biburl    = {https://dblp.org/rec/bib/conf/cav/KatzBDJK17},
  bibsource = {dblp computer science bibliography, https://dblp.org}
}

@proceedings{DBLP:conf/cav/2017-1,
  editor    = {Rupak Majumdar and
               Viktor Kuncak},
  title     = {Computer Aided Verification - 29th International Conference, {CAV}
               2017, Heidelberg, Germany, July 24-28, 2017, Proceedings, Part {I}},
  series    = {Lecture Notes in Computer Science},
  volume    = {10426},
  publisher = {Springer},
  year      = {2017},
  url       = {https://doi.org/10.1007/978-3-319-63387-9},
  doi       = {10.1007/978-3-319-63387-9},
  isbn      = {978-3-319-63386-2},
  timestamp = {Fri, 14 Jul 2017 12:52:51 +0200},
  biburl    = {https://dblp.org/rec/bib/conf/cav/2017-1},
  bibsource = {dblp computer science bibliography, https://dblp.org}
}
@inproceedings{DilligDA09,
  author    = {Isil Dillig and
               Thomas Dillig and
               Alex Aiken},
  title     = {Cuts from Proofs: {A} Complete and Practical Technique for Solving
               Linear Inequalities over Integers},
  booktitle = {CAV},
  year      = {2009},
  doi       = {10.1007/978-3-642-02658-4_20},
}
@inproceedings{ChristH15,
  author    = {J{\"{u}}rgen Christ and
               Jochen Hoenicke},
  title     = {Cutting the Mix},
  booktitle = {CAV},
  year      = {2015},
  doi       = {10.1007/978-3-319-21668-3_3},
}
@article{BrombergerW17,
  author    = {Martin Bromberger and
               Christoph Weidenbach},
  title     = {New techniques for linear arithmetic: cubes and equalities},
  journal   = {Formal Methods in System Design},
  volume    = {51},
  number    = {3},
  pages     = {433--461},
  year      = {2017},
  doi       = {10.1007/s10703-017-0278-7},
}

@inproceedings{RuanHK18,
  author    = {Wenjie Ruan and
               Xiaowei Huang and
               Marta Kwiatkowska},
  title     = {Reachability Analysis of Deep Neural Networks with Provable Guarantees},
  booktitle = {Proceedings of the Twenty-Seventh International Joint Conference on
               Artificial Intelligence, {IJCAI} 2018, July 13-19, 2018, Stockholm,
               Sweden.},
  pages     = {2651--2659},
  year      = {2018},
  crossref  = {DBLP:conf/ijcai/2018},
  url       = {https://doi.org/10.24963/ijcai.2018/368},
  doi       = {10.24963/ijcai.2018/368},
  timestamp = {Sat, 28 Jul 2018 14:39:21 +0200},
  biburl    = {https://dblp.org/rec/bib/conf/ijcai/RuanHK18},
  bibsource = {dblp computer science bibliography, https://dblp.org}
}

@inproceedings{DuttaJST18,
  author    = {Souradeep Dutta and
               Susmit Jha and
               Sriram Sankaranarayanan and
               Ashish Tiwari},
  title     = {Output Range Analysis for Deep Feedforward Neural Networks},
  booktitle = {{NASA} Formal Methods - 10th International Symposium, {NFM} 2018,
               Newport News, VA, USA, April 17-19, 2018, Proceedings},
  pages     = {121--138},
  year      = {2018},
  crossref  = {DBLP:conf/nfm/2018},
  url       = {https://doi.org/10.1007/978-3-319-77935-5_9},
  doi       = {10.1007/978-3-319-77935-5_9},
  timestamp = {Sat, 05 May 2018 23:05:33 +0200},
  biburl    = {https://dblp.org/rec/bib/conf/nfm/DuttaJST18},
  bibsource = {dblp computer science bibliography, https://dblp.org}
}
@proceedings{DBLP:conf/nfm/2018,
  editor    = {Aaron Dutle and
               C{\'{e}}sar A. Mu{\~{n}}oz and
               Anthony Narkawicz},
  title     = {{NASA} Formal Methods - 10th International Symposium, {NFM} 2018,
               Newport News, VA, USA, April 17-19, 2018, Proceedings},
  series    = {Lecture Notes in Computer Science},
  volume    = {10811},
  publisher = {Springer},
  year      = {2018},
  url       = {https://doi.org/10.1007/978-3-319-77935-5},
  doi       = {10.1007/978-3-319-77935-5},
  isbn      = {978-3-319-77934-8},
  timestamp = {Fri, 04 May 2018 08:06:41 +0200},
  biburl    = {https://dblp.org/rec/bib/conf/nfm/2018},
  bibsource = {dblp computer science bibliography, https://dblp.org}
}

@inproceedings{Jovanovic17,
  author    = {Dejan Jovanovic},
  title     = {Solving Nonlinear Integer Arithmetic with {MCSAT}},
  booktitle = {Verification, Model Checking, and Abstract Interpretation - 18th International
               Conference, {VMCAI} 2017, Paris, France, January 15-17, 2017, Proceedings},
  pages     = {330--346},
  year      = {2017},
  crossref  = {DBLP:conf/vmcai/2017},
  url       = {https://doi.org/10.1007/978-3-319-52234-0_18},
  doi       = {10.1007/978-3-319-52234-0_18},
  timestamp = {Wed, 24 May 2017 08:30:31 +0200},
  biburl    = {https://dblp.org/rec/bib/conf/vmcai/Jovanovic17},
  bibsource = {dblp computer science bibliography, https://dblp.org}
}
@proceedings{DBLP:conf/vmcai/2017,
  editor    = {Ahmed Bouajjani and
               David Monniaux},
  title     = {Verification, Model Checking, and Abstract Interpretation - 18th International
               Conference, {VMCAI} 2017, Paris, France, January 15-17, 2017, Proceedings},
  series    = {Lecture Notes in Computer Science},
  volume    = {10145},
  publisher = {Springer},
  year      = {2017},
  url       = {https://doi.org/10.1007/978-3-319-52234-0},
  doi       = {10.1007/978-3-319-52234-0},
  isbn      = {978-3-319-52233-3},
  timestamp = {Wed, 24 May 2017 08:30:31 +0200},
  biburl    = {https://dblp.org/rec/bib/conf/vmcai/2017},
  bibsource = {dblp computer science bibliography, https://dblp.org}
}
@inproceedings{CimattiGIRS18,
  author    = {Alessandro Cimatti and
               Alberto Griggio and
               Ahmed Irfan and
               Marco Roveri and
               Roberto Sebastiani},
  title     = {Experimenting on Solving Nonlinear Integer Arithmetic with Incremental
               Linearization},
  booktitle = {SAT},
  year      = {2018},
  doi       = {10.1007/978-3-319-94144-8_23},
}
@article{Ghilardi04,
  author    = {Silvio Ghilardi},
  title     = {Model-Theoretic Methods in Combined Constraint Satisfiability},
  journal   = {J. Autom. Reasoning},
  volume    = {33},
  number    = {3-4},
  pages     = {221--249},
  year      = {2004},
  url       = {https://doi.org/10.1007/s10817-004-6241-5},
  doi       = {10.1007/s10817-004-6241-5},
  timestamp = {Sat, 20 May 2017 00:22:32 +0200},
  biburl    = {https://dblp.org/rec/bib/journals/jar/Ghilardi04},
  bibsource = {dblp computer science bibliography, https://dblp.org}
}
@techreport{GIA,
  institution={Massachusetts Institute of Technology},
  address ={Cambridge, MA 02139 USA},
  url = {www.csail.mit.edu},
  year = 2009,
  month = {July},
  day = 3,
  nothingreally={Computer Science and Artificial Intelligence Laboratory Technical Report},
  number = {{MIT-CSAIL-TR-2009-033}},
  author={Derek Rayside and H.-Christian Estler and Daniel Jackson},
  title={{The Guided Improvement Algorithm for Exact, General-Purpose, Many-Objective Combinatorial Optimization}}
}



@article{BonacinaLM11,
  author    = {Maria Paola Bonacina and
               Christopher Lynch and
               Leonardo Mendon\c{c}a de Moura},
  title     = {On Deciding Satisfiability by Theorem Proving with Speculative
               Inferences},
  journal   = {J. Autom. Reasoning},
  volume    = {47},
  number    = {2},
  year      = {2011},
  pages     = {161-189},
  doi       = {10.1007/s10817-010-9213-y},
}


@inproceedings{MouraB08a,
  author    = {Leonardo Mendon\c{c}a de Moura and
               Nikolaj Bj{\o}rner},
  title     = {Engineering DPLL(T) + Saturation},
  booktitle = {{IJCAR}},
  year      = {2008},
  pages     = {475-490},
  ee        = {http://dx.doi.org/10.1007/978-3-540-71070-7_40},
  bibsource = {DBLP, http://dblp.uni-trier.de}
}

@inproceedings{MouraB10,
  author    = {Leonardo Mendon\c{c}a de Moura and
               Nikolaj Bj{\o}rner},
  title     = {Bugs, Moles and Skeletons: Symbolic Reasoning for Software
               Development},
  booktitle = {IJCAR},
  year      = {2010},
  doi       = {10.1007/978-3-642-14203-1_34},
}

@article{JanotaLM15,
  author    = {Mikol{\'{a}}s Janota and
               In{\^{e}}s Lynce and
               Joao Marques{-}Silva},
  title     = {Algorithms for computing backbones of propositional formulae},
  journal   = {{AI} Commun.},
  volume    = {28},
  number    = {2},
  pages     = {161--177},
  year      = {2015},
  url       = {http://dx.doi.org/10.3233/AIC-140640},
  doi       = {10.3233/AIC-140640},
  timestamp = {Fri, 06 Feb 2015 15:14:17 +0100},
  biburl    = {http://dblp.uni-trier.de/rec/bib/journals/aicom/JanotaLM15},
  bibsource = {dblp computer science bibliography, http://dblp.org}
}

@article{PiskacMB10,
  author    = {Ruzica Piskac and
               Leonardo Mendon\c{c}a de Moura and
               Nikolaj Bj{\o}rner},
  title     = {Deciding Effectively Propositional Logic Using DPLL and
               Substitution Sets},
  journal   = {J. Autom. Reasoning},
  volume    = {44},
  number    = {4},
  year      = {2010},
  pages     = {401-424},
  ee        = {http://dx.doi.org/10.1007/s10817-009-9161-6},
  bibsource = {DBLP, http://dblp.uni-trier.de}
}

@inproceedings{BjornerMR12,
  author    = {Nikolaj Bj{\o}rner and
               Kenneth L. McMillan and
               Andrey Rybalchenko},
  title     = {Program Verification as Satisfiability Modulo Theories},
  booktitle = {SMT-IJCAR},
  year      = {2012},
  pages     = {3-11},
  ee        = {http://www.easychair.org/publications/?page=921460842},
  nocrossref  = {DBLP:conf/cade/2012smt},
  bibsource = {DBLP, http://dblp.uni-trier.de}
}

@inproceedings{DutertreM06,
  TITLE = {{A Fast Linear-Arithmetic Solver for DPLL(T)}},
  AUTHOR = {B. Dutertre and L. de Moura},
  BOOKTITLE = "CAV",
  doi={10.1007/11817963_11},
  YEAR = 2006,
}


@inproceedings{BjornerGKL13,
  author    = {Nikolaj Bj{\o}rner and
               Arie Gurfinkel and
               Konstantin Korovin and
               Ori Lahav},
  title     = {Instantiations, Zippers and {EPR} Interpolation},
  booktitle = {{LPAR} 2013, 19th International Conference on Logic for Programming,
               Artificial Intelligence and Reasoning, December 12-17, 2013, Stellenbosch,
               South Africa, Short papers proceedings},
  pages     = {35--41},
  year      = {2013},
  crossref  = {DBLP:conf/lpar/2013s},
  url       = {http://www.easychair.org/publications/?page=275044893},
  timestamp = {Thu, 16 Jun 2016 17:11:03 +0200},
  biburl    = {http://dblp.uni-trier.de/rec/bib/conf/lpar/BjornerGKL13},
  bibsource = {dblp computer science bibliography, http://dblp.org}
}


@inproceedings{PhanBM12,
  author    = {Anh-Dung Phan and
               Nikolaj Bj{\o}rner and
               David Monniaux},
  title     = {Anatomy of Alternating Quantifier Satisfiability (Work in
               progress)},
  booktitle = {SMT},
  year      = {2012},
  doi       = {10.29007/8cf7},
}

@inproceedings{BjornerAbstract10,
  title = {Linear Quantifier-Elimination as an Abstract Decision Procedure},
  booktitle = {IJCAR},
  year = 2010,
  doi = {10.1007/978-3-642-14203-1_27},
  author = {Nikolaj Bj{\o}rner}}

@inproceedings{BjornerMR13,
  author    = {Nikolaj Bj{\o}rner and
               Kenneth L. McMillan and
               Andrey Rybalchenko},
  title     = {On Solving Universally Quantified Horn Clauses},
  booktitle = {SAS},
  year      = {2013},
  doi       = {10.1007/978-3-642-38856-9_8},
}



@inproceedings{MenciaPM15,
  author    = {Carlos Menc{\'{\i}}a and
               Alessandro Previti and
               Jo{\~{a}}o Marques{-}Silva},
  title     = {Literal-Based {MCS} Extraction},
  booktitle = {Proceedings of the Twenty-Fourth International Joint Conference on
               Artificial Intelligence, {IJCAI} 2015, Buenos Aires, Argentina, July
               25-31, 2015},
  pages     = {1973--1979},
  year      = {2015},
  url       = {http://ijcai.org/Abstract/15/280},
  timestamp = {Wed, 20 Jul 2016 15:18:06 +0200},
  biburl    = {http://dblp.uni-trier.de/rec/bib/conf/ijcai/MenciaPM15},
  bibsource = {dblp computer science bibliography, http://dblp.org}
}

@inproceedings{BjornerJ15,
  author = {Nikolaj Bj{\o}rner and Mikol{\'{a}}s Janota},
  title = {Playing with Alternating Quantifier Satisfaction},
  booktitle = {LPAR Short presentation papers},
  doi = {10.29007/vv21},
  year = 2015
}

@inproceedings{Marques-SilvaJB13,
  author    = {Jo{\~{a}}o Marques{-}Silva and
               Mikol{\'{a}}s Janota and
               Anton Belov},
  title     = {Minimal Sets over Monotone Predicates in Boolean Formulae},
  booktitle = {Computer Aided Verification - 25th International Conference, {CAV}
               2013, Saint Petersburg, Russia, July 13-19, 2013. Proceedings},
  pages     = {592--607},
  year      = {2013},
  url       = {http://dx.doi.org/10.1007/978-3-642-39799-8_39},
  doi       = {10.1007/978-3-642-39799-8_39},
  timestamp = {Wed, 27 Aug 2014 16:05:21 +0200},
  biburl    = {http://dblp.uni-trier.de/rec/bib/conf/cav/Marques-SilvaJB13},
  bibsource = {dblp computer science bibliography, http://dblp.org}
}


@inproceedings{BacchusK16,
  author    = {Fahiem Bacchus and
               George Katsirelos},
  title     = {Finding a Collection of MUSes Incrementally},
  booktitle = {{CPAIOR} 2016, Banff, AB, Canada,
               May 29 - June 1, 2016, Proceedings},

  volume    = {9676},
  pages     = {35--44},
  publisher = {Springer},
  year      = {2016}
  }


@inproceedings{BacchusK15,
  author    = {Fahiem Bacchus and
               George Katsirelos},
  title     = {Using Minimal Correction Sets to More Efficiently Compute Minimal
               Unsatisfiable Sets},
  booktitle = {Computer Aided Verification - 27th International Conference, {CAV}
               2015, San Francisco, CA, USA, July 18-24, 2015, Proceedings, Part
               {II}},
  pages     = {70--86},
  year      = {2015},
  nocrossref  = {DBLP:conf/cav/2015},
  doi       = {10.1007/978-3-319-21668-3_5},
}


@inproceedings{MouraB09,
  author    = {Leonardo Mendon{\c{c}}a de Moura and
               Nikolaj Bj{\o}rner},
  title     = {Generalized, efficient array decision procedures},
  booktitle = {FMCAD},
  year      = {2009},
  doi       = {10.1109/FMCAD.2009.5351142},
}


@inproceedings{BjornerN15,
  author    = {Nikolaj Bj{\o}rner and
               Nina Narodytska},
  title     = {Maximum Satisfiability Using Cores and Correction Sets},
  booktitle = {Proceedings of the Twenty-Fourth International Joint Conference on
               Artificial Intelligence, {IJCAI} 2015, Buenos Aires, Argentina, July
               25-31, 2015},
  pages     = {246--252},
  year      = {2015},
  url       = {http://ijcai.org/Abstract/15/041},
  timestamp = {Wed, 20 Jul 2016 15:18:06 +0200},
  biburl    = {http://dblp.uni-trier.de/rec/bib/conf/ijcai/BjornerN15},
  bibsource = {dblp computer science bibliography, http://dblp.org}
}

@proceedings{Vampire17,
  title     = {Vampire 2017. Proceedings of the 4th Vampire Workshop},
  editor    = {Laura Kov\textbackslash{}'acs and Andrei Voronkov},
  series    = {EPiC Series in Computing},
  volume    = {53},
  year      = {2018},
  publisher = {EasyChair},
  bibsource = {EasyChair, https://easychair.org},
  issn      = {2398-7340}}

@inproceedings{Vampire17Theorem,
  author    = {Nikolaj Bj{\o}rner and Lev Nachmanson},
  title     = {Theorem recycling for Theorem Proving},
  booktitle = {Vampire},
  year      = {2017},
  doi       = {10.29007/r58f}}

@article{MouraB08,
  author    = {Leonardo Mendon{\c{c}}a de Moura and
               Nikolaj Bj{\o}rner},
  title     = {Model-based Theory Combination},
  journal   = {Electron. Notes Theor. Comput. Sci.},
  volume    = {198},
  number    = {2},
  pages     = {37--49},
  year      = {2008},
  doi       = {10.1016/j.entcs.2008.04.079},
}

@article{Reiter87,
  author    = {Raymond Reiter},
  title     = {A Theory of Diagnosis from First Principles},
  journal   = {Artif. Intell.},
  volume    = {32},
  number    = {1},
  pages     = {57--95},
  year      = {1987},
  url       = {http://dx.doi.org/10.1016/0004-3702(87)90062-2},
  doi       = {10.1016/0004-3702(87)90062-2},
  timestamp = {Thu, 30 Jun 2011 16:00:21 +0200},
  biburl    = {http://dblp.uni-trier.de/rec/bib/journals/ai/Reiter87},
  bibsource = {dblp computer science bibliography, http://dblp.org}
}

@inproceedings{McMillan14,
  author    = {Kenneth L. McMillan},
  title     = {Lazy Annotation Revisited},
  booktitle = {Computer Aided Verification - 26th International Conference, {CAV}
               2014, Held as Part of the Vienna Summer of Logic, {VSL} 2014, Vienna,
               Austria, July 18-22, 2014. Proceedings},
  pages     = {243--259},
  year      = {2014},
  url       = {http://dx.doi.org/10.1007/978-3-319-08867-9_16},
  doi       = {10.1007/978-3-319-08867-9_16},
  timestamp = {Mon, 30 Jun 2014 11:31:20 +0200},
  biburl    = {http://dblp.uni-trier.de/rec/bib/conf/cav/McMillan14},
  bibsource = {dblp computer science bibliography, http://dblp.org}
}


@inproceedings{BjornerGMR15,
  author    = {Nikolaj Bj{\o}rner and
               Arie Gurfinkel and
               Kenneth L. McMillan and
               Andrey Rybalchenko},
  title     = {Horn Clause Solvers for Program Verification},
  booktitle = {Fields of Logic and Computation {II} - Essays Dedicated to Yuri Gurevich
               on the Occasion of His 75th Birthday},
  year      = {2015},
  doi       = {10.1007/978-3-319-23534-9_2},
}

@inproceedings{HoderB12,
  author    = {Krystof Hoder and
               Nikolaj Bj{\o}rner},
  title     = {Generalized Property Directed Reachability},
  booktitle = {SAT},
  year      = {2012},
  doi       = {10.1007/978-3-642-31612-8_13},
}

@inproceedings{HoderMB11,
  author    = {Krystof Hoder and
               Nikolaj Bj{\o}rner and
               Leonardo Mendon{\c{c}}a de Moura},
  title     = {&mu;\emph{Z}- An Efficient Engine for Fixed Points with Constraints},
  booktitle = {Computer Aided Verification - 23rd International Conference, {CAV}
               2011, Snowbird, UT, USA, July 14-20, 2011. Proceedings},
  pages     = {457--462},
  year      = {2011},
  url       = {http://dx.doi.org/10.1007/978-3-642-22110-1_36},
  doi       = {10.1007/978-3-642-22110-1_36},
  timestamp = {Mon, 11 Jul 2011 13:24:02 +0200},
  biburl    = {http://dblp.uni-trier.de/rec/bib/conf/cav/HoderBM11},
  bibsource = {dblp computer science bibliography, http://dblp.org}
}


@inproceedings{BerdineBjorner14,
  author    = {Josh Berdine and
               Nikolaj Bj{\o}rner},
  title     = {Computing All Implied Equalities via SMT-Based Partition Refinement},
  booktitle = {Automated Reasoning - 7th International Joint Conference, {IJCAR}
               2014, Held as Part of the Vienna Summer of Logic, {VSL} 2014, Vienna,
               Austria, July 19-22, 2014. Proceedings},
  pages     = {168--183},
  year      = {2014},
  url       = {http://dx.doi.org/10.1007/978-3-319-08587-6_12},
  doi       = {10.1007/978-3-319-08587-6_12},
  timestamp = {Wed, 02 Jul 2014 14:12:27 +0200},
  biburl    = {http://dblp.uni-trier.de/rec/bib/conf/cade/BerdineB14},
  bibsource = {dblp computer science bibliography, http://dblp.org}
}

@inproceedings{McMillan11,
  author    = {Kenneth L. McMillan},
  title     = {Interpolants from {Z3} proofs},
  booktitle = {International Conference on Formal Methods in Computer-Aided Design,
               {FMCAD} '11, Austin, TX, USA, October 30 - November 02, 2011},
  pages     = {19--27},
  year      = {2011},
  url       = {http://dl.acm.org/citation.cfm?id=2157661},
  timestamp = {Wed, 17 Feb 2016 13:10:41 +0100},
  biburl    = {http://dblp.uni-trier.de/rec/bib/conf/fmcad/McMillan11},
  bibsource = {dblp computer science bibliography, http://dblp.org}
}

@article{dpllt,
 author = {R. Nieuwenhuis and A. Oliveras and C. Tinelli},
 title = {{Solving SAT and SAT Modulo Theories: From an abstract Davis--Putnam--Logemann--Loveland procedure to DPLL(T)}},
 journal = {J. ACM},
 volume = {53},
 number = {6},
 year = {2006},
 }



@book{natosec45,
  editor    = {Javier Esparza and
               Orna Grumberg and
               Salomon Sickert},
  title     = {Dependable Software Systems Engineering},
  booktitle = {Dependable Software Systems Engineering},
  series    = {{NATO} Science for Peace and Security Series - {D:} Information and
               Communication Security},
  volume    = {45},
  publisher = {{IOS} Press},
  year      = {2016},
  isbn      = {978-1-61499-626-2},
  timestamp = {Wed, 11 May 2016 10:57:13 +0200},
  biburl    = {http://dblp.uni-trier.de/rec/bib/series/natosec/45},
  bibsource = {dblp computer science bibliography, http://dblp.org}
}


@bookchapter{BjornerMOD16,
  author = {Nikolaj Bj{\o}rner},
  title = {Satisfiability Modulo Theories},
  year = 2016,
  crossref = {natosec45}
}


@inproceedings{Veanes14,
  author = {Margus Veanes and Nikolaj Bj{\o}rner and Lev Nachmanson and Lev Berk},
  title = {Monadic Decomposition},
  year = 2016,
  booktitle = {{CAV}}
}



@inproceedings{AlbarghouthiM13,
  author    = {Aws Albarghouthi and
               Kenneth L. McMillan},
  title     = {Beautiful Interpolants},
  booktitle = {CAV},
  year      = {2013},
  pages     = {313-329},
  ee        = {http://dx.doi.org/10.1007/978-3-642-39799-8_22},
  nocrossref  = {DBLP:conf/cav/2013},
  bibsource = {DBLP, http://dblp.uni-trier.de}
}

@inproceedings{KindermannJN12,
  author    = {Roland Kindermann and
               Tommi A. Junttila and
               Ilkka Niemel{\"a}},
  title     = {{SMT-Based Induction Methods for Timed Systems}},
  booktitle = {FORMATS},
  year      = {2012},
  pages     = {171-187},
  ee        = {http://dx.doi.org/10.1007/978-3-642-33365-1_13},
  nocrossref  = {DBLP:conf/formats/2012},
  bibsource = {DBLP, http://dblp.uni-trier.de}
}

@inproceedings{MouraP13,
  author    = {Leonardo Mendon{\c{c}}a de Moura and
               Grant Olney Passmore},
  title     = {The Strategy Challenge in {SMT} Solving},
  booktitle = {Automated Reasoning and Mathematics - Essays in Memory of William
               W. McCune},
  pages     = {15--44},
  year      = {2013},
  doi       = {10.1007/978-3-642-36675-8_2},
}

@inproceedings{HeuleKWB11,
  author    = {Marijn Heule and
               Oliver Kullmann and
               Siert Wieringa and
               Armin Biere},
  title     = {Cube and Conquer: Guiding {CDCL} {SAT} Solvers by Lookaheads},
  booktitle = {Hardware and Software: Verification and Testing - 7th International
               Haifa Verification Conference, {HVC} 2011, Haifa, Israel, December
               6-8, 2011, Revised Selected Papers},
  pages     = {50--65},
  year      = {2011},
  crossref  = {DBLP:conf/hvc/2011},
  url       = {https://doi.org/10.1007/978-3-642-34188-5_8},
  doi       = {10.1007/978-3-642-34188-5_8},
  timestamp = {Fri, 19 May 2017 01:26:09 +0200},
  biburl    = {https://dblp.org/rec/bib/conf/hvc/HeuleKWB11},
  bibsource = {dblp computer science bibliography, https://dblp.org}
}
@proceedings{DBLP:conf/hvc/2011,
  editor    = {Kerstin Eder and
               Jo{\~{a}}o Louren{\c{c}}o and
               Onn Shehory},
  title     = {Hardware and Software: Verification and Testing - 7th International
               Haifa Verification Conference, {HVC} 2011, Haifa, Israel, December
               6-8, 2011, Revised Selected Papers},
  series    = {Lecture Notes in Computer Science},
  volume    = {7261},
  publisher = {Springer},
  year      = {2012},
  url       = {https://doi.org/10.1007/978-3-642-34188-5},
  doi       = {10.1007/978-3-642-34188-5},
  isbn      = {978-3-642-34187-8},
  timestamp = {Fri, 19 May 2017 01:26:09 +0200},
  biburl    = {https://dblp.org/rec/bib/conf/hvc/2011},
  bibsource = {dblp computer science bibliography, https://dblp.org}
}

@inproceedings{Tarski,
  title={A Decision Method For Elementary Algebra And Geometry},
  author={Alfred Tarski},
  doi={10.1007/978-3-7091-9459-1_3},
  year={1948}
}

@article{Collins74,
  author    = {George E. Collins},
  title     = {Quantifier elimination for real closed fields by cylindrical algebraic
               decomposition-preliminary report},
  journal   = {{SIGSAM} Bull.},
  volume    = {8},
  number    = {3},
  pages     = {80--90},
  year      = {1974},
  doi       = {10.1145/1086837.1086852},
}

@inproceedings{JovanovicM12,
  author    = {Dejan Jovanovic and
               Leonardo Mendon{\c{c}}a de Moura},
  title     = {Solving Non-linear Arithmetic},
  booktitle = {IJCAR},
  year      = {2012},
  doi       = {10.1007/978-3-642-31365-3_27},
}

@inproceedings{BjornerJK15,
  author    = {Nikolaj Bj{\o}rner and
               Mikol{\'{a}}s Janota and
               William Klieber},
  title     = {On Conflicts and Strategies in {QBF}},
  booktitle = {20th International Conferences on Logic for Programming, Artificial
               Intelligence and Reasoning - Short Presentations, {LPAR} 2015, Suva,
               Fiji, November 24-28, 2015.},
  pages     = {28--41},
  year      = {2015},
  nocrossref  = {DBLP:conf/lpar/2015s},
  url       = {http://www.easychair.org/publications/paper/On_Conflicts_and_Strategies_in_QBF},
  timestamp = {Thu, 16 Jun 2016 17:11:03 +0200},
  biburl    = {http://dblp.uni-trier.de/rec/bib/conf/lpar/BjornerJK15},
  bibsource = {dblp computer science bibliography, http://dblp.org}
}
@inproceedings{LiAKGC14,
  author    = {Yi Li and
               Aws Albarghouthi and
               Zachary Kincaid and
               Arie Gurfinkel and
               Marsha Chechik},
  title     = {{Symbolic optimization with SMT solvers}},
  booktitle = {The 41st Annual {ACM} {SIGPLAN-SIGACT} Symposium on Principles of
               Programming Languages, {POPL} '14, San Diego, CA, USA, January 20-21,
               2014},
  year      = {2014},
  pages     = {607--618},
  crossref  = {DBLP:conf/popl/2014},
  url       = {http://doi.acm.org/10.1145/2535838.2535857},
  doi       = {10.1145/2535838.2535857},
  timestamp = {Wed, 01 Oct 2014 05:14:35 +0200},
  biburl    = {http://dblp.uni-trier.de/rec/bib/conf/popl/LiAKGC14},
  bibsource = {dblp computer science bibliography, http://dblp.org}
}

@inproceedings{ItzhakyBRST14,
  author    = {Shachar Itzhaky and
               Nikolaj Bj{\o}rner and
               Thomas W. Reps and
               Mooly Sagiv and
               Aditya V. Thakur},
  title     = {Property-Directed Shape Analysis},
  booktitle = {CAV},
  year      = {2014},
  pages     = {35-51},
  ee        = {http://dx.doi.org/10.1007/978-3-319-08867-9_3},
  nocrossref  = {DBLP:conf/cav/2014},
  bibsource = {DBLP, http://dblp.uni-trier.de}
}


@inproceedings{AlbarghouthiGC12,
  author    = {Aws Albarghouthi and
               Arie Gurfinkel and
               Marsha Chechik},
  title     = {{Craig Interpretation}},
  booktitle = {SAS},
  year      = {2012},
  pages     = {300-316},
  ee        = {http://dx.doi.org/10.1007/978-3-642-33125-1_21},
  nocrossref  = {DBLP:conf/sas/2012},
  bibsource = {DBLP, http://dblp.uni-trier.de}
}

@incollection{Chockler13,
  year={2013},
  booktitle={Hardware and Software: Verification and Testing},
  volume={7857},
  series={Lecture Notes in Computer Science},
  editor={Biere, Armin and Nahir, Amir and Vos, Tanja},
  nodoi={10.1007/978-3-642-39611-3_12},
  title={Computing Interpolants without Proofs},
  nourl={http://dx.doi.org/10.1007/978-3-642-39611-3_12},
  publisher={Springer Berlin Heidelberg},
  author={ Hana Chockler and Alexander Ivrii and Arie Matsliah},
  pages={72-85}
}

@inproceedings{KomuravelliGC14,
  author    = {Anvesh Komuravelli and
               Arie Gurfinkel and
               Sagar Chaki},
  title     = {SMT-Based Model Checking for Recursive Programs},
  booktitle = {CAV},
  year      = {2014},
  pages     = {17-34},
  ee        = {http://dx.doi.org/10.1007/978-3-319-08867-9_2},
  nocrossref  = {DBLP:conf/cav/2014},
  bibsource = {DBLP, http://dblp.uni-trier.de}
}


@inproceedings{KomuravelliGCC13,
  author    = {Anvesh Komuravelli and
               Arie Gurfinkel and
               Sagar Chaki and
               Edmund M. Clarke},
  title     = {{Automatic Abstraction in SMT-Based Unbounded Software Model
               Checking}},
  booktitle = {CAV},
  year      = {2013},
  pages     = {846-862},
  ee        = {http://dx.doi.org/10.1007/978-3-642-39799-8_59},
  nocrossref  = {DBLP:conf/cav/2013},
  bibsource = {DBLP, http://dblp.uni-trier.de}
}

@inproceedings{Bradley11,
  author    = {Aaron R. Bradley},
  title     = {{SAT-Based Model Checking without Unrolling}},
  booktitle = {VMCAI},
  year      = {2011},
  pages     = {70-87},
  ee        = {http://dx.doi.org/10.1007/978-3-642-18275-4_7},
  nocrossref  = {DBLP:conf/vmcai/2011},
  bibsource = {DBLP, http://dblp.uni-trier.de}
}


@inproceedings{EenMB11,
  author    = {Niklas E{\'e}n and
               Alan Mishchenko and
               Robert K. Brayton},
  title     = {Efficient implementation of property directed reachability},
  booktitle = {FMCAD},
  year      = {2011},
  pages     = {125-134},
  ee        = {http://dl.acm.org/citation.cfm?id=2157675},
  nocrossref  = {DBLP:conf/fmcad/2011},
  bibsource = {DBLP, http://dblp.uni-trier.de}
}

@inproceedings{EfficientModular,
  author = {Sam Bayless and Celina Val and Thomas Ball and Holger Hoos and Alan Hu},
  title = {{Efficient Modular SAT Solving for IC3}},
  year = 2013,
  booktitle = {FMCAD}
}

@inproceedings{CimattiG12,
  author    = {Alessandro Cimatti and
               Alberto Griggio},
  title     = {{Software Model Checking via IC3}},
  booktitle = {CAV},
  year      = {2012},
  pages     = {277-293},
  ee        = {http://dx.doi.org/10.1007/978-3-642-31424-7_23},
  nocrossref  = {DBLP:conf/cav/2012},
  bibsource = {DBLP, http://dblp.uni-trier.de}
}

@inproceedings{CimattiGMT13,
  author    = {Alessandro Cimatti and
               Alberto Griggio and
               Sergio Mover and
               Stefano Tonetta},
  title     = {Parameter synthesis with IC3},
  booktitle = {FMCAD},
  year      = {2013},
  pages     = {165-168},
  ee        = {http://ieeexplore.ieee.org/xpl/freeabs_all.jsp?arnumber=6679406},
  nocrossref  = {DBLP:conf/fmcad/2013},
  bibsource = {DBLP, http://dblp.uni-trier.de}
}

@inproceedings{CimattiGMT14,
  author    = {Alessandro Cimatti and
               Alberto Griggio and
               Sergio Mover and
               Stefano Tonetta},
  title     = {{IC3 Modulo Theories via Implicit Predicate Abstraction}},
  booktitle = {TACAS},
  year      = {2014},
  pages     = {46-61},
  ee        = {http://dx.doi.org/10.1007/978-3-642-54862-8_4},
  nocrossref  = {DBLP:conf/tacas/2014},
  bibsource = {DBLP, http://dblp.uni-trier.de}
}


@inproceedings{BeyeneCPR14,
  author    = {Tewodros A. Beyene and
               Swarat Chaudhuri and
               Corneliu Popeea and
               Andrey Rybalchenko},
  title     = {A constraint-based approach to solving games on infinite
               graphs},
  booktitle = {POPL},
  year      = {2014},
  pages     = {221-234},
  ee        = {http://doi.acm.org/10.1145/2535838.2535860},
  nocrossref  = {DBLP:conf/popl/2014},
  bibsource = {DBLP, http://dblp.uni-trier.de}
}

@inproceedings{hsf,
  title =	{Synthesizing Software Verifiers from Proof Rules},
  author =	{Sergey Grebenshchikov and Nuno P. Lopes and Corneliu Popeea and Andrey Rybalchenko},
  booktitle =	{PLDI},
  doi =		{10.1145/2254064.2254112},
  year =	2012
}

@article{JohnC16,
  author    = {Ajith K. John and
               Supratik Chakraborty},
  title     = {A layered algorithm for quantifier elimination from linear modular
               constraints},
  journal   = {Formal Methods in System Design},
  volume    = {49},
  number    = {3},
  pages     = {272--323},
  year      = {2016},
  url       = {https://doi.org/10.1007/s10703-016-0260-9},
  doi       = {10.1007/s10703-016-0260-9},
  timestamp = {Wed, 26 Jul 2017 16:39:52 +0200},
  biburl    = {http://dblp.org/rec/bib/journals/fmsd/JohnC16},
  bibsource = {dblp computer science bibliography, http://dblp.org}
}

@inproceedings{JohnC13,
  author    = {Ajith K. John and
               Supratik Chakraborty},
  title     = {Extending Quantifier Elimination to Linear Inequalities on Bit-Vectors},
  booktitle = {TACAS},
  year      = {2013},
  doi       = {10.1007/978-3-642-36742-7_6},
}

@inproceedings{JohnC11,
  author    = {Ajith K. John and
               Supratik Chakraborty},
  title     = {A Quantifier Elimination Algorithm for Linear Modular Equations and
               Disequations},
  booktitle = {CAV},
  year      = {2011},
  doi       = {10.1007/978-3-642-22110-1_39},
}

@article{ReynoldsKK17,
  author    = {Andrew Reynolds and
               Tim King and
               Viktor Kuncak},
  title     = {Solving quantified linear arithmetic by counterexample-guided instantiation},
  journal   = {Formal Methods in System Design},
  volume    = {51},
  number    = {3},
  pages     = {500--532},
  year      = {2017},
  url       = {https://doi.org/10.1007/s10703-017-0290-y},
  doi       = {10.1007/s10703-017-0290-y},
  timestamp = {Thu, 30 Nov 2017 12:29:32 +0100},
  biburl    = {http://dblp.org/rec/bib/journals/fmsd/ReynoldsKK17},
  bibsource = {dblp computer science bibliography, http://dblp.org}
}

@inproceedings{SeidlLB12,
  author    = {Martina Seidl and
               Florian Lonsing and
               Armin Biere},
  title     = {qbf2epr: {A} Tool for Generating {EPR} Formulas from {QBF}},
  booktitle = {PAAR},
  year      = {2012},
  url       = {http://www.easychair.org/publications/paper/145184},
}

@inproceedings{BerzishGZ17,
  author    = {Murphy Berzish and
               Vijay Ganesh and
               Yunhui Zheng},
  title     = {Z3str3: {A} string solver with theory-aware heuristics},
  booktitle = {2017 Formal Methods in Computer Aided Design, {FMCAD} 2017, Vienna,
               Austria, October 2-6, 2017},
  pages     = {55--59},
  year      = {2017},
  crossref  = {fmcad2017},
  url       = {https://doi.org/10.23919/FMCAD.2017.8102241},
  doi       = {10.23919/FMCAD.2017.8102241},
  timestamp = {Thu, 01 Feb 2018 18:18:47 +0100},
  biburl    = {https://dblp.org/rec/bib/conf/fmcad/BerzishGZ17},
  bibsource = {dblp computer science bibliography, https://dblp.org}
}
@proceedings{fmcad2017,
  editor    = {Daryl Stewart and
               Georg Weissenbacher},
  title     = {2017 Formal Methods in Computer Aided Design, {FMCAD} 2017, Vienna,
               Austria, October 2-6, 2017},
  publisher = {{IEEE}},
  year      = {2017},
  url       = {http://ieeexplore.ieee.org/xpl/mostRecentIssue.jsp?punumber=8093672},
  isbn      = {978-0-9835678-7-5},
  timestamp = {Fri, 17 Nov 2017 10:12:51 +0100},
  biburl    = {https://dblp.org/rec/bib/conf/fmcad/2017},
  bibsource = {dblp computer science bibliography, https://dblp.org}
}

@inproceedings{BerthonR16,
  author    = {Rapha{\"{e}}l Berthon and
               Christophe Ringeissen},
  title     = {Satisfiability Modulo Free Data Structures Combined with Bridging
               Functions},
  booktitle = {Proceedings of the 14th International Workshop on Satisfiability Modulo
               Theories affiliated with the International Joint Conference on Automated
               Reasoning, SMT@IJCAR 2016, Coimbra, Portugal, July 1-2, 2016.},
  pages     = {71--80},
  year      = {2016},
  crossref  = {DBLP:conf/cade/2016smt},
  url       = {http://ceur-ws.org/Vol-1617/paper7.pdf},
  timestamp = {Thu, 01 Dec 2016 13:42:18 +0100},
  biburl    = {https://dblp.org/rec/bib/conf/cade/BerthonR16},
  bibsource = {dblp computer science bibliography, https://dblp.org}
}
@proceedings{2016smt,
  editor    = {Tim King and
               Ruzica Piskac},
  title     = {Proceedings of the 14th International Workshop on Satisfiability Modulo
               Theories affiliated with the International Joint Conference on Automated
               Reasoning, SMT@IJCAR 2016, Coimbra, Portugal, July 1-2, 2016},
  series    = {{CEUR} Workshop Proceedings},
  volume    = {1617},
  publisher = {CEUR-WS.org},
  year      = {2016},
  url       = {http://ceur-ws.org/Vol-1617},
  urn       = {urn:nbn:de:0074-1617-8},
  timestamp = {Mon, 18 Jul 2016 14:39:21 +0200},
  biburl    = {https://dblp.org/rec/bib/conf/cade/2016smt},
  bibsource = {dblp computer science bibliography, https://dblp.org}
}

@techreport{KapurZarbaReduction,
  institution={University of New Mexico},
  author = {Deepak Kapur and Calogero Zarba},
  url = {https://www.cs.unm.edu/~kapur/mypapers/reduction.pdf},
  year = 2006,
  title = {A Reduction Approach to Decision Procedures}
}

@techreport{GIA,
  institution={Massachusetts Institute of Technology},
  address ={Cambridge, MA 02139 USA},
  url = {www.csail.mit.edu},
  year = 2009,
  month = {July},
  day = 3,
  nothingreally={Computer Science and Artificial Intelligence Laboratory Technical Report},
  number = {{MIT-CSAIL-TR-2009-033}},
  author={Derek Rayside and H.-Christian Estler and Daniel Jackson},
  title={{The Guided Improvement Algorithm for Exact, General-Purpose, Many-Objective Combinatorial Optimization}}
}

@article{NelsonO79,
  author    = {Greg Nelson and
               Derek C. Oppen},
  title     = {Simplification by Cooperating Decision Procedures},
  journal   = {{ACM} Trans. Program. Lang. Syst.},
  volume    = {1},
  number    = {2},
  pages     = {245--257},
  year      = {1979},
  url       = {http://doi.acm.org/10.1145/357073.357079},
  doi       = {10.1145/357073.357079},
  timestamp = {Mon, 03 Apr 2006 11:19:31 +0200},
  biburl    = {https://dblp.org/rec/bib/journals/toplas/NelsonO79},
  bibsource = {dblp computer science bibliography, https://dblp.org}
}

@inproceedings{MouraB07,
  author    = {Leonardo Mendon\c{c}a de Moura and
               Nikolaj Bj{\o}rner},
  title     = {Efficient E-Matching for {SMT} Solvers},
  booktitle = {CADE},
  year      = {2007},
  doi       = {10.1007/978-3-540-73595-3_13},
}

@inproceedings{GeM09,
  author    = {Yeting Ge and
               Leonardo Mendon\c{c}a de Moura},
  title     = {Complete Instantiation for Quantified Formulas in Satisfiabiliby
               Modulo Theories},
  booktitle = {CAV},
  year      = {2009},
  doi       = {10.1007/978-3-642-02658-4_25},
}


@article{WintersteigerHM13,
  author    = {Christoph M. Wintersteiger and
               Youssef Hamadi and
               Leonardo Mendon\c{c}a de Moura},
  title     = {Efficiently solving quantified bit-vector formulas},
  journal   = {Formal Methods in System Design},
  volume    = {42},
  number    = {1},
  year      = {2013},
  pages     = {3-23},
  doi       = {10.1007/s10703-012-0156-2},
}

@inproceedings{Bjorner11,
  author    = {Nikolaj Bj{\o}rner},
  editor    = {Hongseok Yang},
  title     = {Engineering Theories with {Z3}},
  booktitle = {Programming Languages and Systems - 9th Asian Symposium, {APLAS} 2011,
               Kenting, Taiwan, December 5-7, 2011. Proceedings},
  series    = {Lecture Notes in Computer Science},
  volume    = {7078},
  pages     = {4--16},
  publisher = {Springer},
  year      = {2011},
  url       = {https://doi.org/10.1007/978-3-642-25318-8\_3},
  doi       = {10.1007/978-3-642-25318-8\_3},
  timestamp = {Tue, 14 May 2019 10:00:41 +0200},
  biburl    = {https://dblp.org/rec/conf/aplas/Bjorner11.bib},
  bibsource = {dblp computer science bibliography, https://dblp.org}
}

@inproceedings{Bjorner12,
  author    = {Nikolaj Bj{\o}rner},
  editor    = {Konstantin Korovin and
               Stephan Schulz and
               Eugenia Ternovska},
  title     = {Engineering Theories with {Z3}},
  booktitle = {{IWIL} 2012: The 9th International Workshop on the Implementation
               of Logics, Merida, Venezuela, March 10, 2012},
  series    = {EPiC Series in Computing},
  volume    = {22},
  pages     = {1--2},
  publisher = {EasyChair},
  year      = {2012},
  url       = {https://easychair.org/publications/paper/69b},
  timestamp = {Wed, 27 May 2020 16:02:35 +0200},
  biburl    = {https://dblp.org/rec/conf/lpar/Bjorner12.bib},
  bibsource = {dblp computer science bibliography, https://dblp.org}
}



@inproceedings{JanotaM15,
  author    = {Mikol{\'{a}}s Janota and
               Joao Marques{-}Silva},
  title     = {Solving {QBF} by Clause Selection},
  booktitle = {Proceedings of the Twenty-Fourth International Joint Conference on
               Artificial Intelligence, {IJCAI} 2015, Buenos Aires, Argentina, July
               25-31, 2015},
  pages     = {325--331},
  year      = {2015},
  nocrossref  = {DBLP:conf/ijcai/2015},
  url       = {http://ijcai.org/Abstract/15/052},
  timestamp = {Wed, 20 Jul 2016 15:18:06 +0200},
  biburl    = {http://dblp.org/rec/bib/conf/ijcai/JanotaM15},
  bibsource = {dblp computer science bibliography, http://dblp.org}
}



@inproceedings{BjornerGKL13,
  author    = {Nikolaj Bj{\o}rner and
               Arie Gurfinkel and
               Konstantin Korovin and
               Ori Lahav},
  title     = {Instantiations, Zippers and {EPR} Interpolation},
  booktitle = {{LPAR} 2013, 19th International Conference on Logic for Programming,
               Artificial Intelligence and Reasoning, December 12-17, 2013, Stellenbosch,
               South Africa, Short papers proceedings},
  pages     = {35--41},
  year      = {2013},
  crossref  = {DBLP:conf/lpar/2013s},
  url       = {http://www.easychair.org/publications/?page=275044893},
  timestamp = {Thu, 16 Jun 2016 17:11:03 +0200},
  biburl    = {http://dblp.uni-trier.de/rec/bib/conf/lpar/BjornerGKL13},
  bibsource = {dblp computer science bibliography, http://dblp.org}
}

@inproceedings{ChocklerIM12,
  author    = {Hana Chockler and
               Alexander Ivrii and
               Arie Matsliah},
  title     = {Computing Interpolants without Proofs},
  booktitle = {Hardware and Software: Verification and Testing - 8th International
               Haifa Verification Conference, {HVC} 2012, Haifa, Israel, November
               6-8, 2012. Revised Selected Papers},
  pages     = {72--85},
  year      = {2012},
  crossref  = {DBLP:conf/hvc/2012},
  url       = {http://dx.doi.org/10.1007/978-3-642-39611-3_12},
  doi       = {10.1007/978-3-642-39611-3_12},
  timestamp = {Tue, 09 Jul 2013 14:14:21 +0200},
  biburl    = {http://dblp.uni-trier.de/rec/bib/conf/hvc/ChocklerIM12},
  bibsource = {dblp computer science bibliography, http://dblp.org}
}

@proceedings{DBLP:conf/hvc/2012,
  editor    = {Armin Biere and
               Amir Nahir and
               Tanja E. J. Vos},
  title     = {Hardware and Software: Verification and Testing - 8th International
               Haifa Verification Conference, {HVC} 2012, Haifa, Israel, November
               6-8, 2012. Revised Selected Papers},
  volume    = {7857},
  publisher = {Springer},
  year      = {2013},
}


@inproceedings{alive2,
  title =	{Alive2: Bounded Translation Validation for {LLVM}},
  author =	{Nuno P. Lopes and Juneyoung Lee and Chung-Kil Hur and Zhengyang Liu and John Regehr},
  booktitle =	{PLDI},
  doi =		{10.1145/3453483.3454030},
  year =	2021
}

@inproceedings{MouraB08b,
  author    = {Leonardo Mendon{\c{c}}a de Moura and
               Nikolaj Bj{\o}rner},
  title     = {Proofs and Refutations, and {Z3}},
  booktitle = {Proceedings of the {LPAR} 2008 Workshops, Knowledge Exchange: Automated
               Provers and Proof Assistants, and the 7th International Workshop on
               the Implementation of Logics, Doha, Qatar, November 22, 2008},
  year      = {2008},
  crossref  = {DBLP:conf/lpar/2008w},
  url       = {http://ceur-ws.org/Vol-418/paper10.pdf},
  timestamp = {Mon, 30 May 2016 16:57:35 +0200},
  biburl    = {https://dblp.org/rec/bib/conf/lpar/MouraB08},
  bibsource = {dblp computer science bibliography, https://dblp.org}
}
@proceedings{DBLP:conf/lpar/2008w,
  editor    = {Piotr Rudnicki and
               Geoff Sutcliffe and
               Boris Konev and
               Renate A. Schmidt and
               Stephan Schulz},
  title     = {Proceedings of the {LPAR} 2008 Workshops, Knowledge Exchange: Automated
               Provers and Proof Assistants, and the 7th International Workshop on
               the Implementation of Logics, Doha, Qatar, November 22, 2008},
  series    = {{CEUR} Workshop Proceedings},
  volume    = {418},
  publisher = {CEUR-WS.org},
  year      = {2008},
  url       = {http://ceur-ws.org/Vol-418},
  urn       = {urn:nbn:de:0074-418-5},
  timestamp = {Mon, 30 May 2016 16:57:35 +0200},
  biburl    = {https://dblp.org/rec/bib/conf/lpar/2008w},
  bibsource = {dblp computer science bibliography, https://dblp.org}
}

@inproceedings{MonniauxCAV10,
  author = {David Monniaux},
  title = {Quantifier elimination by lazy model enumeration},
  booktitle = {Computer-aided verification (CAV)},
  year = 2010,
  series = {Lecture Notes in Computer Science},
  number = 6174,
  pages = {585--599},
  publisher = {Springer Verlag},
  doi = {10.1007/978-3-642-14295-6_51},
  isbn = {3642142958},
  isbn13 = {9783642142956},
  oclc = {663093895},
  pdf = {http://www-verimag.imag.fr/~monniaux/biblio/Monniaux_CAV10.pdf},
  abstract = {We propose a quantifier elimination scheme based on nested lazy model enumeration through SMT-solving, and projections. This scheme may be applied to any logic that fulfills certain conditions; we illustrate it for linear real arithmetic. The quantifier elimination problem for linear real arithmetic is doubly exponential in the worst case, and so is our method. We have implemented it and benchmarked it against other methods from the literature.},
  entrysubtype = {intc}
}



@inproceedings{Junker04,
  author    = {Ulrich Junker},
  title     = {{QUICKXPLAIN:} Preferred Explanations and Relaxations for Over-Constrained
               Problems},
  booktitle = {Proceedings of the Nineteenth National Conference on Artificial Intelligence,
               Sixteenth Conference on Innovative Applications of Artificial Intelligence,
               July 25-29, 2004, San Jose, California, {USA}},
  pages     = {167--172},
  year      = {2004},
  nocrossref  = {DBLP:conf/aaai/2004},
  url       = {http://www.aaai.org/Library/AAAI/2004/aaai04-027.php},
  timestamp = {Tue, 11 Dec 2012 12:57:22 +0100},
  biburl    = {http://dblp.uni-trier.de/rec/bib/conf/aaai/Junker04},
  bibsource = {dblp computer science bibliography, http://dblp.org}
}


@inproceedings{BradleyM07,
  author    = {Aaron R. Bradley and
               Zohar Manna},
  title     = {Checking Safety by Inductive Generalization of Counterexamples to
               Induction},
  booktitle = {Formal Methods in Computer-Aided Design, 7th International Conference,
               {FMCAD} 2007, Austin, Texas, USA, November 11-14, 2007, Proceedings},
  pages     = {173--180},
  year      = {2007},
  url       = {http://dx.doi.org/10.1109/FAMCAD.2007.15},
  doi       = {10.1109/FAMCAD.2007.15},
  timestamp = {Fri, 01 Apr 2016 10:10:11 +0200},
  biburl    = {http://dblp.uni-trier.de/rec/bib/conf/fmcad/BradleyM07},
  bibsource = {dblp computer science bibliography, http://dblp.org}
}

@inproceedings{JovanovicB11,
  author    = {Dejan Jovanovic and
               Clark Barrett},
  title     = {Sharing Is Caring: Combination of Theories},
  booktitle = {Frontiers of Combining Systems, 8th International Symposium, FroCoS
               2011, Saarbr{\"{u}}cken, Germany, October 5-7, 2011. Proceedings},
  pages     = {195--210},
  year      = {2011},
  crossref  = {frocos2011},
  url       = {https://doi.org/10.1007/978-3-642-24364-6_14},
  doi       = {10.1007/978-3-642-24364-6_14},
  timestamp = {Thu, 15 Jun 2017 21:43:48 +0200},
  biburl    = {https://dblp.org/rec/bib/conf/frocos/JovanovicB11},
  bibsource = {dblp computer science bibliography, https://dblp.org}
}
@proceedings{frocos2011,
  editor    = {Cesare Tinelli and
               Viorica Sofronie{-}Stokkermans},
  title     = {Frontiers of Combining Systems, 8th International Symposium, FroCoS
               2011, Saarbr{\"{u}}cken, Germany, October 5-7, 2011. Proceedings},
  series    = {Lecture Notes in Computer Science},
  volume    = {6989},
  publisher = {Springer},
  year      = {2011},
  url       = {https://doi.org/10.1007/978-3-642-24364-6},
  doi       = {10.1007/978-3-642-24364-6},
  isbn      = {978-3-642-24363-9},
  timestamp = {Thu, 15 Jun 2017 21:43:48 +0200},
  biburl    = {https://dblp.org/rec/bib/conf/frocos/2011},
  bibsource = {dblp computer science bibliography, https://dblp.org}
}

@inproceedings{BjornerMNW18,
  author    = {Nikolaj Bj{\o}rner and
               Leonardo de Moura and
               Lev Nachmanson and
               Christoph M. Wintersteiger},
  title     = {Programming {Z3}},
  booktitle = {SETSS},
  year      = {2018},
  doi       = {10.1007/978-3-030-17601-3\_4},
}

@inproceedings{BradleyMS06,
  author    = {Aaron R. Bradley and
               Zohar Manna and
               Henny B. Sipma},
  title     = {What's Decidable About Arrays?},
  booktitle = {VMCAI},
  year      = {2006},
  doi       = {10.1007/11609773_28},
}

@inproceedings{BjornerN15,
  author    = {Nikolaj Bj{\o}rner and
               Nina Narodytska},
  title     = {Maximum Satisfiability Using Cores and Correction Sets},
  booktitle = {Proceedings of the Twenty-Fourth International Joint Conference on
               Artificial Intelligence, {IJCAI} 2015, Buenos Aires, Argentina, July
               25-31, 2015},
  pages     = {246--252},
  year      = {2015},
  url       = {http://ijcai.org/Abstract/15/041},
  timestamp = {Wed, 20 Jul 2016 15:18:06 +0200},
  biburl    = {http://dblp.uni-trier.de/rec/bib/conf/ijcai/BjornerN15},
  bibsource = {dblp computer science bibliography, http://dblp.org}
}

@article{Reiter87,
  author    = {Raymond Reiter},
  title     = {A Theory of Diagnosis from First Principles},
  journal   = {Artif. Intell.},
  volume    = {32},
  number    = {1},
  pages     = {57--95},
  year      = {1987},
  url       = {http://dx.doi.org/10.1016/0004-3702(87)90062-2},
  doi       = {10.1016/0004-3702(87)90062-2},
  timestamp = {Thu, 30 Jun 2011 16:00:21 +0200},
  biburl    = {http://dblp.uni-trier.de/rec/bib/journals/ai/Reiter87},
  bibsource = {dblp computer science bibliography, http://dblp.org}
}



@inproceedings{Rybal12,
  author    = {Sergey Grebenshchikov and
               Nuno P. Lopes and
               Corneliu Popeea and
               Andrey Rybalchenko},
  title     = {Synthesizing software verifiers from proof rules},
  booktitle = {{ACM} {SIGPLAN} Conference on Programming Language Design and Implementation,
               {PLDI} '12, Beijing, China - June 11 - 16, 2012},
  pages     = {405--416},
  year      = {2012},
  url       = {http://doi.acm.org/10.1145/2254064.2254112},
  doi       = {10.1145/2254064.2254112},
  timestamp = {Tue, 12 Jun 2012 20:04:16 +0200},
  biburl    = {http://dblp.uni-trier.de/rec/bib/conf/pldi/GrebenshchikovLPR12},
  bibsource = {dblp computer science bibliography, http://dblp.org}
}

@inproceedings{BerdineBjorner14,
  author    = {Josh Berdine and
               Nikolaj Bj{\o}rner},
  title     = {Computing All Implied Equalities via SMT-Based Partition Refinement},
  booktitle = {Automated Reasoning - 7th International Joint Conference, {IJCAR}
               2014, Held as Part of the Vienna Summer of Logic, {VSL} 2014, Vienna,
               Austria, July 19-22, 2014. Proceedings},
  pages     = {168--183},
  year      = {2014},
  url       = {http://dx.doi.org/10.1007/978-3-319-08587-6_12},
  doi       = {10.1007/978-3-319-08587-6_12},
  timestamp = {Wed, 02 Jul 2014 14:12:27 +0200},
  biburl    = {http://dblp.uni-trier.de/rec/bib/conf/cade/BerdineB14},
  bibsource = {dblp computer science bibliography, http://dblp.org}
}

@inproceedings{McMillan11,
  author    = {Kenneth L. McMillan},
  title     = {Interpolants from {Z3} proofs},
  booktitle = {International Conference on Formal Methods in Computer-Aided Design,
               {FMCAD} '11, Austin, TX, USA, October 30 - November 02, 2011},
  pages     = {19--27},
  year      = {2011},
  url       = {http://dl.acm.org/citation.cfm?id=2157661},
  timestamp = {Wed, 17 Feb 2016 13:10:41 +0100},
  biburl    = {http://dblp.uni-trier.de/rec/bib/conf/fmcad/McMillan11},
  bibsource = {dblp computer science bibliography, http://dblp.org}
}

@inproceedings{MouraJ13,
  author    = {Leonardo Mendon{\c{c}}a de Moura and
               Dejan Jovanovic},
  title     = {A Model-Constructing Satisfiability Calculus},
  booktitle = {Verification, Model Checking, and Abstract Interpretation, 14th International
               Conference, {VMCAI} 2013, Rome, Italy, January 20-22, 2013. Proceedings},
  pages     = {1--12},
  year      = {2013},
  nocrossref  = {DBLP:conf/vmcai/2013},
  url       = {https://doi.org/10.1007/978-3-642-35873-9_1},
  doi       = {10.1007/978-3-642-35873-9_1},
  timestamp = {Wed, 24 May 2017 08:30:31 +0200},
  biburl    = {http://dblp.org/rec/bib/conf/vmcai/MouraJ13},
  bibsource = {dblp computer science bibliography, http://dblp.org}
}
@proceedings{DBLP:conf/vmcai/2013,
  editor    = {Roberto Giacobazzi and
               Josh Berdine and
               Isabella Mastroeni},
  title     = {Verification, Model Checking, and Abstract Interpretation, 14th International
               Conference, {VMCAI} 2013, Rome, Italy, January 20-22, 2013. Proceedings},
  series    = {Lecture Notes in Computer Science},
  volume    = {7737},
  publisher = {Springer},
  year      = {2013},
  url       = {https://doi.org/10.1007/978-3-642-35873-9},
  doi       = {10.1007/978-3-642-35873-9},
  isbn      = {978-3-642-35872-2},
  timestamp = {Wed, 24 May 2017 08:30:31 +0200},
  biburl    = {http://dblp.org/rec/bib/conf/vmcai/2013},
  bibsource = {dblp computer science bibliography, http://dblp.org}
}


@inproceedings{Pugh91,
  author    = {William Pugh},
  title     = {The Omega test: a fast and practical integer programming algorithm
               for dependence analysis},
  booktitle = {Proceedings Supercomputing '91, Albuquerque, NM, USA, November 18-22,
               1991},
  pages     = {4--13},
  year      = {1991},
  nocrossref  = {DBLP:conf/sc/1991},
  url       = {http://doi.acm.org/10.1145/125826.125848},
  doi       = {10.1145/125826.125848},
  timestamp = {Tue, 30 Jun 2015 16:34:03 +0200},
  biburl    = {http://dblp.org/rec/bib/conf/sc/Pught91},
  bibsource = {dblp computer science bibliography, http://dblp.org}
}


@book{JacobsCategorical,
  title = {Categorical Logic and Type Theory},
  booktitle = {Categorical Logic and Type Theory},
  author = {Bart Jacobs},
  series = {Studies in Logic and the Foundations of Mathematics},
  volume = 141, 
  publisher = {North Holland, Elsevier}, 
  doi = {10.2307/421214},
  year = 1999
}

@book{natosec45,
  editor    = {Javier Esparza and
               Orna Grumberg and
               Salomon Sickert},
  title     = {Dependable Software Systems Engineering},
  booktitle = {Dependable Software Systems Engineering},
  series    = {{NATO} Science for Peace and Security Series - {D:} Information and
               Communication Security},
  volume    = {45},
  publisher = {{IOS} Press},
  year      = {2016},
  isbn      = {978-1-61499-626-2},
  timestamp = {Wed, 11 May 2016 10:57:13 +0200},
  biburl    = {http://dblp.uni-trier.de/rec/bib/series/natosec/45},
  bibsource = {dblp computer science bibliography, http://dblp.org}
}


@bookchapter{BjornerMOD16,
  author = {Nikolaj Bj{\o}rner},
  title = {Satisfiability Modulo Theories},
  year = 2016,
  crossref = {natosec45}
}


@inproceedings{Veanes14,
  author = {Margus Veanes and Nikolaj Bj{\o}rner and Lev Nachmanson and Lev Berk},
  title = {Monadic Decomposition},
  year = 2016,
  booktitle = {{CAV}}
}

@article{dpll,
 author= {M. Davis and G. Logemann and D. Loveland},
 title = {{A machine program for theorem proving}},
 journal= {{Communications of the ACM}},
 year = {1962},
}

@article{SilvaS99,
  author    = {Jo{\~a}o P. Marques Silva and
               Karem A. Sakallah},
  title     = {{GRASP: A Search Algorithm for Propositional Satisfiability}},
  journal   = {IEEE Trans. Computers},
  volume    = {48},
  number    = {5},
  year      = {1999},
  pages     = {506-521},
  ee        = {http://doi.ieeecomputersociety.org/10.1109/12.769433},
  bibsource = {DBLP, http://dblp.uni-trier.de}
}

@inproceedings{AlbarghouthiM13,
  author    = {Aws Albarghouthi and
               Kenneth L. McMillan},
  title     = {Beautiful Interpolants},
  booktitle = {CAV},
  year      = {2013},
  pages     = {313-329},
  ee        = {http://dx.doi.org/10.1007/978-3-642-39799-8_22},
  nocrossref  = {DBLP:conf/cav/2013},
  bibsource = {DBLP, http://dblp.uni-trier.de}
}

@inproceedings{KindermannJN12,
  author    = {Roland Kindermann and
               Tommi A. Junttila and
               Ilkka Niemel{\"a}},
  title     = {{SMT-Based Induction Methods for Timed Systems}},
  booktitle = {FORMATS},
  year      = {2012},
  pages     = {171-187},
  ee        = {http://dx.doi.org/10.1007/978-3-642-33365-1_13},
  nocrossref  = {DBLP:conf/formats/2012},
  bibsource = {DBLP, http://dblp.uni-trier.de}
}



@inproceedings{Monniaux08,
  author = {David Monniaux},
  title = {A Quantifier Elimination Algorithm for Linear Real Arithmetic},
  booktitle = {LPAR (Logic for Programming Artificial Intelligence and Reasoning)},
  year = 2008,
  series = {Lecture Notes in Computer Science},
  publisher = {Springer Verlag},
  pages = {243-257},
  number = 5330,
  doi = {10.1007/978-3-540-89439-1_18},
  isbn = {978-3-540-89439-1},
  pdf = {http://www-verimag.imag.fr/~monniaux/biblio/Monniaux_LPAR08.pdf},
  abstract = {We propose a new quantifier elimination algorithm for the theory of linear real arithmetic. This algorithm uses as subroutines satisfiability modulo this theory and polyhedral projection; there are good algorithms and implementations for both of these. The quantifier elimination algorithm presented in the paper is compared, on examples arising from program analysis problems and on random examples, to several other implementations, all of which cannot solve some of the examples that our algorithm solves easily.},
  entrysubtype = {intc},
  eprinttype = {arxiv},
  eprint = {0803.1575}
}

@inproceedings{LiAKGC14,
  author    = {Yi Li and
               Aws Albarghouthi and
               Zachary Kincaid and
               Arie Gurfinkel and
               Marsha Chechik},
  title     = {{Symbolic optimization with SMT solvers}},
  booktitle = {The 41st Annual {ACM} {SIGPLAN-SIGACT} Symposium on Principles of
               Programming Languages, {POPL} '14, San Diego, CA, USA, January 20-21,
               2014},
  year      = {2014},
  pages     = {607--618},
  crossref  = {DBLP:conf/popl/2014},
  url       = {http://doi.acm.org/10.1145/2535838.2535857},
  doi       = {10.1145/2535838.2535857},
  timestamp = {Wed, 01 Oct 2014 05:14:35 +0200},
  biburl    = {http://dblp.uni-trier.de/rec/bib/conf/popl/LiAKGC14},
  bibsource = {dblp computer science bibliography, http://dblp.org}
}

@inproceedings{ItzhakyBRST14,
  author    = {Shachar Itzhaky and
               Nikolaj Bj{\o}rner and
               Thomas W. Reps and
               Mooly Sagiv and
               Aditya V. Thakur},
  title     = {Property-Directed Shape Analysis},
  booktitle = {CAV},
  year      = {2014},
  pages     = {35-51},
  ee        = {http://dx.doi.org/10.1007/978-3-319-08867-9_3},
  nocrossref  = {DBLP:conf/cav/2014},
  bibsource = {DBLP, http://dblp.uni-trier.de}
}


@inproceedings{AlbarghouthiGC12,
  author    = {Aws Albarghouthi and
               Arie Gurfinkel and
               Marsha Chechik},
  title     = {{Craig Interpretation}},
  booktitle = {SAS},
  year      = {2012},
  pages     = {300-316},
  ee        = {http://dx.doi.org/10.1007/978-3-642-33125-1_21},
  nocrossref  = {DBLP:conf/sas/2012},
  bibsource = {DBLP, http://dblp.uni-trier.de}
}

@incollection{Chockler13,
  year={2013},
  booktitle={Hardware and Software: Verification and Testing},
  volume={7857},
  series={Lecture Notes in Computer Science},
  editor={Biere, Armin and Nahir, Amir and Vos, Tanja},
  nodoi={10.1007/978-3-642-39611-3_12},
  title={Computing Interpolants without Proofs},
  nourl={http://dx.doi.org/10.1007/978-3-642-39611-3_12},
  publisher={Springer Berlin Heidelberg},
  author={ Hana Chockler and Alexander Ivrii and Arie Matsliah},
  pages={72-85}
}


@inproceedings{Bradley11,
  author    = {Aaron R. Bradley},
  title     = {{SAT-Based Model Checking without Unrolling}},
  booktitle = {VMCAI},
  year      = {2011},
  pages     = {70-87},
  ee        = {http://dx.doi.org/10.1007/978-3-642-18275-4_7},
  nocrossref  = {DBLP:conf/vmcai/2011},
  bibsource = {DBLP, http://dblp.uni-trier.de}
}


@inproceedings{EenMB11,
  author    = {Niklas E{\'e}n and
               Alan Mishchenko and
               Robert K. Brayton},
  title     = {Efficient implementation of property directed reachability},
  booktitle = {FMCAD},
  year      = {2011},
  pages     = {125-134},
  ee        = {http://dl.acm.org/citation.cfm?id=2157675},
  nocrossref  = {DBLP:conf/fmcad/2011},
  bibsource = {DBLP, http://dblp.uni-trier.de}
}

@inproceedings{EfficientModular,
  author = {Sam Bayless and Celina Val and Thomas Ball and Holger Hoos and Alan Hu},
  title = {{Efficient Modular SAT Solving for IC3}},
  year = 2013,
  booktitle = {FMCAD}
}

@inproceedings{CimattiG12,
  author    = {Alessandro Cimatti and
               Alberto Griggio},
  title     = {{Software Model Checking via IC3}},
  booktitle = {CAV},
  year      = {2012},
  pages     = {277-293},
  ee        = {http://dx.doi.org/10.1007/978-3-642-31424-7_23},
  nocrossref  = {DBLP:conf/cav/2012},
  bibsource = {DBLP, http://dblp.uni-trier.de}
}

@inproceedings{CimattiGMT13,
  author    = {Alessandro Cimatti and
               Alberto Griggio and
               Sergio Mover and
               Stefano Tonetta},
  title     = {Parameter synthesis with IC3},
  booktitle = {FMCAD},
  year      = {2013},
  pages     = {165-168},
  ee        = {http://ieeexplore.ieee.org/xpl/freeabs_all.jsp?arnumber=6679406},
  nocrossref  = {DBLP:conf/fmcad/2013},
  bibsource = {DBLP, http://dblp.uni-trier.de}
}

@inproceedings{CimattiGMT14,
  author    = {Alessandro Cimatti and
               Alberto Griggio and
               Sergio Mover and
               Stefano Tonetta},
  title     = {{IC3 Modulo Theories via Implicit Predicate Abstraction}},
  booktitle = {TACAS},
  year      = {2014},
  pages     = {46-61},
  ee        = {http://dx.doi.org/10.1007/978-3-642-54862-8_4},
  nocrossref  = {DBLP:conf/tacas/2014},
  bibsource = {DBLP, http://dblp.uni-trier.de}
}


@inproceedings{BeyeneCPR14,
  author    = {Tewodros A. Beyene and
               Swarat Chaudhuri and
               Corneliu Popeea and
               Andrey Rybalchenko},
  title     = {A constraint-based approach to solving games on infinite
               graphs},
  booktitle = {POPL},
  year      = {2014},
  pages     = {221-234},
  ee        = {http://doi.acm.org/10.1145/2535838.2535860},
  nocrossref  = {DBLP:conf/popl/2014},
  bibsource = {DBLP, http://dblp.uni-trier.de}
}

@inproceedings{StumpD02,
  author    = {Aaron Stump and
               David L. Dill},
  editor    = {Andrei Voronkov},
  title     = {Faster Proof Checking in the Edinburgh Logical Framework},
  booktitle = {Automated Deduction - CADE-18, 18th International Conference on Automated
               Deduction, Copenhagen, Denmark, July 27-30, 2002, Proceedings},
  series    = {Lecture Notes in Computer Science},
  volume    = {2392},
  pages     = {392--407},
  publisher = {Springer},
  year      = {2002},
  url       = {https://doi.org/10.1007/3-540-45620-1\_32},
  doi       = {10.1007/3-540-45620-1\_32},
  timestamp = {Tue, 14 May 2019 10:00:39 +0200},
  biburl    = {https://dblp.org/rec/conf/cade/StumpD02.bib},
  bibsource = {dblp computer science bibliography, https://dblp.org}
}

@phdthesis{Stump02,
  author    = {Aaron Stump},
  title     = {Checking validities and proofs with {CVC} and flea},
  school    = {Stanford University, {USA}},
  year      = {2002},
  url       = {https://searchworks.stanford.edu/view/5417778},
  timestamp = {Wed, 31 Aug 2022 08:34:23 +0200},
  biburl    = {https://dblp.org/rec/phd/us/Stump02.bib},
  bibsource = {dblp computer science bibliography, https://dblp.org}
}

@article{StumpBD02,
  author    = {Aaron Stump and
               Clark W. Barrett and
               David L. Dill},
  title     = {Producing Proofs from an Arithmetic Decision Procedure in Elliptical
               {LF}},
  journal   = {Electron. Notes Theor. Comput. Sci.},
  volume    = {70},
  number    = {2},
  pages     = {29--41},
  year      = {2002},
  url       = {https://doi.org/10.1016/S1571-0661(04)80504-8},
  doi       = {10.1016/S1571-0661(04)80504-8},
  timestamp = {Fri, 12 Feb 2021 22:19:40 +0100},
  biburl    = {https://dblp.org/rec/journals/entcs/StumpBD02.bib},
  bibsource = {dblp computer science bibliography, https://dblp.org}
}

@inproceedings{WuAS03,
  author    = {Dinghao Wu and
               Andrew W. Appel and
               Aaron Stump},
  title     = {Foundational proof checkers with small witnesses},
  booktitle = {Proceedings of the 5th International {ACM} {SIGPLAN} Conference on
               Principles and Practice of Declarative Programming, 27-29 August 2003,
               Uppsala, Sweden},
  pages     = {264--274},
  publisher = {{ACM}},
  year      = {2003},
  url       = {https://doi.org/10.1145/888251.888276},
  doi       = {10.1145/888251.888276},
  timestamp = {Tue, 06 Nov 2018 16:57:25 +0100},
  biburl    = {https://dblp.org/rec/conf/ppdp/WuAS03.bib},
  bibsource = {dblp computer science bibliography, https://dblp.org}
}

@article{AppelMSV03,
  author    = {Andrew W. Appel and
               Neophytos G. Michael and
               Aaron Stump and
               Roberto Virga},
  title     = {A Trustworthy Proof Checker},
  journal   = {J. Autom. Reason.},
  volume    = {31},
  number    = {3-4},
  pages     = {231--260},
  year      = {2003},
  url       = {https://doi.org/10.1023/B:JARS.0000021013.61329.58},
  doi       = {10.1023/B:JARS.0000021013.61329.58},
  timestamp = {Wed, 02 Sep 2020 13:29:37 +0200},
  biburl    = {https://dblp.org/rec/journals/jar/AppelMSV03.bib},
  bibsource = {dblp computer science bibliography, https://dblp.org}
}

@inproceedings{StumpT05,
  author    = {Aaron Stump and
               Li{-}Yang Tan},
  editor    = {J{\"{u}}rgen Giesl},
  title     = {The Algebra of Equality Proofs},
  booktitle = {Term Rewriting and Applications, 16th International Conference, {RTA}
               2005, Nara, Japan, April 19-21, 2005, Proceedings},
  series    = {Lecture Notes in Computer Science},
  volume    = {3467},
  pages     = {469--483},
  publisher = {Springer},
  year      = {2005},
  url       = {https://doi.org/10.1007/978-3-540-32033-3\_34},
  doi       = {10.1007/978-3-540-32033-3\_34},
  timestamp = {Wed, 25 Sep 2019 18:23:35 +0200},
  biburl    = {https://dblp.org/rec/conf/rta/StumpT05.bib},
  bibsource = {dblp computer science bibliography, https://dblp.org}
}

@article{KlapperS05,
  author    = {Robert Klapper and
               Aaron Stump},
  title     = {Validated Proof-Producing Decision Procedures},
  journal   = {Electron. Notes Theor. Comput. Sci.},
  volume    = {125},
  number    = {3},
  pages     = {53--68},
  year      = {2005},
  url       = {https://doi.org/10.1016/j.entcs.2004.06.067},
  doi       = {10.1016/j.entcs.2004.06.067},
  timestamp = {Fri, 12 Feb 2021 22:18:48 +0100},
  biburl    = {https://dblp.org/rec/journals/entcs/KlapperS05.bib},
  bibsource = {dblp computer science bibliography, https://dblp.org}
}

@article{Stump09,
  author    = {Aaron Stump},
  title     = {Proof Checking Technology for Satisfiability Modulo Theories},
  journal   = {Electron. Notes Theor. Comput. Sci.},
  volume    = {228},
  pages     = {121--133},
  year      = {2009},
  url       = {https://doi.org/10.1016/j.entcs.2008.12.121},
  doi       = {10.1016/j.entcs.2008.12.121},
  timestamp = {Fri, 12 Feb 2021 22:17:22 +0100},
  biburl    = {https://dblp.org/rec/journals/entcs/Stump09.bib},
  bibsource = {dblp computer science bibliography, https://dblp.org}
}

@article{StumpORHT13,
  author    = {Aaron Stump and
               Duckki Oe and
               Andrew Reynolds and
               Liana Hadarean and
               Cesare Tinelli},
  title     = {{SMT} proof checking using a logical framework},
  journal   = {Formal Methods Syst. Des.},
  volume    = {42},
  number    = {1},
  pages     = {91--118},
  year      = {2013},
  url       = {https://doi.org/10.1007/s10703-012-0163-3},
  doi       = {10.1007/s10703-012-0163-3},
  timestamp = {Tue, 27 Jul 2021 08:54:10 +0200},
  biburl    = {https://dblp.org/rec/journals/fmsd/StumpORHT13.bib},
  bibsource = {dblp computer science bibliography, https://dblp.org}
}

@inproceedings{Oe2011ExtendedAC,
  title={Extended Abstract: Combining a Logical Framework with an RUP Checker for SMT Proofs},
  author={Duckki Oe},
  year={2011}
}

@mastersthesis{Fazekas15,
   author = {Katalin Fazekas},
   title = {{Proofs for SMT4J}},
   school = {Linz},
   url = {https://kfazekas.github.io/papers/Fazekas-MasterThesis-2015.pdf}
}

@inproceedings{HoenickeS22,
  author    = {Jochen Hoenicke and
               Tanja Schindler},
  editor    = {David D{\'{e}}harbe and
               Antti E. J. Hyv{\"{a}}rinen},
  title     = {A Simple Proof Format for {SMT}},
  booktitle = {Proceedings of the 20th Internal Workshop on Satisfiability Modulo
               Theories co-located with the 11th International Joint Conference on
               Automated Reasoning {(IJCAR} 2022) part of the 8th Federated Logic
               Conference (FLoC 2022), Haifa, Israel, August 11-12, 2022},
  series    = {{CEUR} Workshop Proceedings},
  volume    = {3185},
  pages     = {54--70},
  publisher = {CEUR-WS.org},
  year      = {2022},
  url       = {http://ceur-ws.org/Vol-3185/paper9527.pdf},
  timestamp = {Thu, 25 Aug 2022 16:18:23 +0200},
  biburl    = {https://dblp.org/rec/conf/smt/HoenickeS22.bib},
  bibsource = {dblp computer science bibliography, https://dblp.org}
}


@inproceedings{BessonFT11,
  author    = {Fr{\'{e}}d{\'{e}}ric Besson and
               Pascal Fontaine and
               Laurent Th{\'{e}}ry},
  editor    = {Pascal Fontaine and
               Aaron Stump},
  title     = {A Flexible Proof Format for {SMT:} a Proposal},
  booktitle = {PxTP 2011: First International Workshop on Proof eXchange for Theorem
               Proving, Wroc{\l}aw, Poland, August 1, 2011},
  pages     = {15--26},
  year      = {2011},
  url       = {https://pxtp2011.loria.fr/PxTP2011.pdf\#page=19},
  timestamp = {Thu, 25 Nov 2021 17:51:05 +0100},
  biburl    = {https://dblp.org/rec/conf/pxtp/BessonFT11.bib},
  bibsource = {dblp computer science bibliography, https://dblp.org}
}

@inproceedings{abs-2107-02354,
  author    = {Hans{-}J{\"{o}}rg Schurr and
               Mathias Fleury and
               Haniel Barbosa and
               Pascal Fontaine},
  editor    = {Chantal Keller and
               Mathias Fleury},
  title     = {Alethe: Towards a Generic {SMT} Proof Format (extended abstract)},
  booktitle = {Proceedings Seventh Workshop on Proof eXchange for Theorem Proving,
               PxTP 2021, Pittsburg, PA, USA, July 11, 2021},
  series    = {{EPTCS}},
  volume    = {336},
  pages     = {49--54},
  year      = {2021},
  url       = {https://doi.org/10.4204/EPTCS.336.6},
  doi       = {10.4204/EPTCS.336.6},
  timestamp = {Thu, 25 Nov 2021 17:17:10 +0100},
  biburl    = {https://dblp.org/rec/journals/corr/abs-2107-02354.bib},
  bibsource = {dblp computer science bibliography, https://dblp.org}
}


@article{BlanchetteBP13,
  author    = {Jasmin Christian Blanchette and
               Sascha B{\"{o}}hme and
               Lawrence C. Paulson},
  title     = {Extending Sledgehammer with {SMT} Solvers},
  journal   = {J. Autom. Reason.},
  volume    = {51},
  number    = {1},
  pages     = {109--128},
  year      = {2013},
  url       = {https://doi.org/10.1007/s10817-013-9278-5},
  doi       = {10.1007/s10817-013-9278-5},
  timestamp = {Wed, 02 Sep 2020 13:29:47 +0200},
  biburl    = {https://dblp.org/rec/journals/jar/BlanchetteBP13.bib},
  bibsource = {dblp computer science bibliography, https://dblp.org}
}



@inproceedings{BarbosaRKLNNOPV22,
  author    = {Haniel Barbosa and
               Andrew Reynolds and
               Gereon Kremer and
               Hanna Lachnitt and
               Aina Niemetz and
               Andres N{\"{o}}tzli and
               Alex Ozdemir and
               Mathias Preiner and
               Arjun Viswanathan and
               Scott Viteri and
               Yoni Zohar and
               Cesare Tinelli and
               Clark W. Barrett},
  editor    = {Jasmin Blanchette and
               Laura Kov{\'{a}}cs and
               Dirk Pattinson},
  title     = {Flexible Proof Production in an Industrial-Strength {SMT} Solver},
  booktitle = {Automated Reasoning - 11th International Joint Conference, {IJCAR}
               2022, Haifa, Israel, August 8-10, 2022, Proceedings},
  series    = {Lecture Notes in Computer Science},
  volume    = {13385},
  pages     = {15--35},
  publisher = {Springer},
  year      = {2022},
  url       = {https://doi.org/10.1007/978-3-031-10769-6\_3},
  doi       = {10.1007/978-3-031-10769-6\_3},
  timestamp = {Wed, 03 Aug 2022 15:28:32 +0200},
  biburl    = {https://dblp.org/rec/conf/cade/BarbosaRKLNNOPV22.bib},
  bibsource = {dblp computer science bibliography, https://dblp.org}
}

@inproceedings{OzdemirNPZB19,
  author    = {Alex Ozdemir and
               Aina Niemetz and
               Mathias Preiner and
               Yoni Zohar and
               Clark W. Barrett},
  editor    = {Mikol{\'{a}}s Janota and
               In{\^{e}}s Lynce},
  title     = {DRAT-based Bit-Vector Proofs in {CVC4}},
  booktitle = {Theory and Applications of Satisfiability Testing - {SAT} 2019 - 22nd
               International Conference, {SAT} 2019, Lisbon, Portugal, July 9-12,
               2019, Proceedings},
  series    = {Lecture Notes in Computer Science},
  volume    = {11628},
  pages     = {298--305},
  publisher = {Springer},
  year      = {2019},
  url       = {https://doi.org/10.1007/978-3-030-24258-9\_21},
  doi       = {10.1007/978-3-030-24258-9\_21},
  timestamp = {Fri, 05 Jul 2019 09:41:26 +0200},
  biburl    = {https://dblp.org/rec/conf/sat/OzdemirNPZB19.bib},
  bibsource = {dblp computer science bibliography, https://dblp.org}
}

@inproceedings{HadareanBRTD15,
  author    = {Liana Hadarean and
               Clark W. Barrett and
               Andrew Reynolds and
               Cesare Tinelli and
               Morgan Deters},
  editor    = {Martin Davis and
               Ansgar Fehnker and
               Annabelle McIver and
               Andrei Voronkov},
  title     = {Fine Grained {SMT} Proofs for the Theory of Fixed-Width Bit-Vectors},
  booktitle = {Logic for Programming, Artificial Intelligence, and Reasoning - 20th
               International Conference, {LPAR-20} 2015, Suva, Fiji, November 24-28,
               2015, Proceedings},
  series    = {Lecture Notes in Computer Science},
  volume    = {9450},
  pages     = {340--355},
  publisher = {Springer},
  year      = {2015},
  url       = {https://doi.org/10.1007/978-3-662-48899-7\_24},
  doi       = {10.1007/978-3-662-48899-7\_24},
  timestamp = {Mon, 03 Jan 2022 22:31:30 +0100},
  biburl    = {https://dblp.org/rec/conf/lpar/HadareanBRTD15.bib},
  bibsource = {dblp computer science bibliography, https://dblp.org}
}

@inproceedings{MouraB08proofs,
  author    = {Leonardo Mendon{\c{c}}a de Moura and
               Nikolaj S. Bj{\o}rner},
  editor    = {Piotr Rudnicki and
               Geoff Sutcliffe and
               Boris Konev and
               Renate A. Schmidt and
               Stephan Schulz},
  title     = {Proofs and Refutations, and {Z3}},
  booktitle = {Proceedings of the {LPAR} 2008 Workshops, Knowledge Exchange: Automated
               Provers and Proof Assistants, and the 7th International Workshop on
               the Implementation of Logics, Doha, Qatar, November 22, 2008},
  series    = {{CEUR} Workshop Proceedings},
  volume    = {418},
  publisher = {CEUR-WS.org},
  year      = {2008},
  url       = {http://ceur-ws.org/Vol-418/paper10.pdf},
  timestamp = {Thu, 14 Apr 2022 20:26:15 +0200},
  biburl    = {https://dblp.org/rec/conf/lpar/MouraB08.bib},
  bibsource = {dblp computer science bibliography, https://dblp.org}
}

@inproceedings{EggProofs,
  author = {Oliver Flatt and Samuel Coward and Max Willsey and Zachary Tatlock and Pavel Panchekha},
  title = {{Small Proofs from Congruence Closure}},
  booktitle = {FMCAD},
  year = {2022}
  }

@inproceedings{BrownJK22,
  author    = {Chad E. Brown and
               Mikol{\'{a}}s Janota and
               Cezary Kaliszyk},
  editor    = {David D{\'{e}}harbe and
               Antti E. J. Hyv{\"{a}}rinen},
  title     = {Abstract: Challenges and Solutions for Higher-Order {SMT} Proofs},
  booktitle = {Proceedings of the 20th Internal Workshop on Satisfiability Modulo
               Theories co-located with the 11th International Joint Conference on
               Automated Reasoning {(IJCAR} 2022) part of the 8th Federated Logic
               Conference (FLoC 2022), Haifa, Israel, August 11-12, 2022},
  series    = {{CEUR} Workshop Proceedings},
  volume    = {3185},
  pages     = {128},
  publisher = {CEUR-WS.org},
  year      = {2022},
  url       = {http://ceur-ws.org/Vol-3185/abstract697.pdf},
  timestamp = {Mon, 26 Sep 2022 17:09:13 +0200},
  biburl    = {https://dblp.org/rec/conf/smt/BrownJK22.bib},
  bibsource = {dblp computer science bibliography, https://dblp.org}
}

@inproceedings{BohmeFSW11,
  author    = {Sascha B{\"{o}}hme and
               Anthony C. J. Fox and
               Thomas Sewell and
               Tjark Weber},
  editor    = {Jean{-}Pierre Jouannaud and
               Zhong Shao},
  title     = {Reconstruction of Z3's Bit-Vector Proofs in {HOL4} and Isabelle/HOL},
  booktitle = {Certified Programs and Proofs - First International Conference, {CPP}
               2011, Kenting, Taiwan, December 7-9, 2011. Proceedings},
  series    = {Lecture Notes in Computer Science},
  volume    = {7086},
  pages     = {183--198},
  publisher = {Springer},
  year      = {2011},
  url       = {https://doi.org/10.1007/978-3-642-25379-9\_15},
  doi       = {10.1007/978-3-642-25379-9\_15},
  timestamp = {Thu, 14 Oct 2021 10:14:33 +0200},
  biburl    = {https://dblp.org/rec/conf/cpp/BohmeFSW11.bib},
  bibsource = {dblp computer science bibliography, https://dblp.org}
}

@InProceedings{BessonCP11,
author="Besson, Fr{\'e}d{\'e}ric
and Cornilleau, Pierre-Emmanuel
and Pichardie, David",
editor="Jouannaud, Jean-Pierre
and Shao, Zhong",
title="Modular SMT Proofs for Fast Reflexive Checking Inside Coq",
booktitle="Certified Programs and Proofs",
year="2011",
publisher="Springer Berlin Heidelberg",
address="Berlin, Heidelberg",
pages="151--166",
abstract="We present a new methodology for exchanging unsatisfiability proofs between an untrusted SMT solver and a sceptical proof assistant with computation capabilities like Coq. We advocate modular SMT proofs that separate boolean reasoning and theory reasoning; and structure the communication between theories using Nelson-Oppen combination scheme. We present the design and implementation of a Coq reflexive verifier that is modular and allows for fine-tuned theory-specific verifiers. The current verifier is able to verify proofs for quantifier-free formulae mixing linear arithmetic and uninterpreted functions. Our proof generation scheme benefits from the efficiency of state-of-the-art SMT solvers while being independent from a specific SMT solver proof format. Our only requirement for the SMT solver is the ability to extract unsat cores and generate boolean models. In practice, unsat cores are relatively small and their proof is obtained with a modest overhead by our proof-producing prover. We present experiments assessing the feasibility of the approach for benchmarks obtained from the SMT competition.",
isbn="978-3-642-25379-9"
}

@inproceedings{EkiciMTKKRB17,
  author    = {Burak Ekici and
               Alain Mebsout and
               Cesare Tinelli and
               Chantal Keller and
               Guy Katz and
               Andrew Reynolds and
               Clark W. Barrett},
  editor    = {Rupak Majumdar and
               Viktor Kuncak},
  title     = {SMTCoq: {A} Plug-In for Integrating {SMT} Solvers into Coq},
  booktitle = {Computer Aided Verification - 29th International Conference, {CAV}
               2017, Heidelberg, Germany, July 24-28, 2017, Proceedings, Part {II}},
  series    = {Lecture Notes in Computer Science},
  volume    = {10427},
  pages     = {126--133},
  publisher = {Springer},
  year      = {2017},
  url       = {https://doi.org/10.1007/978-3-319-63390-9\_7},
  doi       = {10.1007/978-3-319-63390-9\_7},
  timestamp = {Tue, 27 Jul 2021 08:54:13 +0200},
  biburl    = {https://dblp.org/rec/conf/cav/EkiciMTKKRB17.bib},
  bibsource = {dblp computer science bibliography, https://dblp.org}
}

@inproceedings{FontaineMMNT06,
  author    = {Pascal Fontaine and
               Jean{-}Yves Marion and
               Stephan Merz and
               Leonor Prensa Nieto and
               Alwen Fernanto Tiu},
  editor    = {Holger Hermanns and
               Jens Palsberg},
  title     = {Expressiveness + Automation + Soundness: Towards Combining {SMT} Solvers
               and Interactive Proof Assistants},
  booktitle = {Tools and Algorithms for the Construction and Analysis of Systems,
               12th International Conference, {TACAS} 2006 Held as Part of the Joint
               European Conferences on Theory and Practice of Software, {ETAPS} 2006,
               Vienna, Austria, March 25 - April 2, 2006, Proceedings},
  series    = {Lecture Notes in Computer Science},
  volume    = {3920},
  pages     = {167--181},
  publisher = {Springer},
  year      = {2006},
  url       = {https://doi.org/10.1007/11691372\_11},
  doi       = {10.1007/11691372\_11},
  timestamp = {Tue, 14 May 2019 10:00:53 +0200},
  biburl    = {https://dblp.org/rec/conf/tacas/FontaineMMNT06.bib},
  bibsource = {dblp computer science bibliography, https://dblp.org}
}

@inproceedings{BoutonODF09,
  author    = {Thomas Bouton and
               Diego Caminha Barbosa De Oliveira and
               David D{\'{e}}harbe and
               Pascal Fontaine},
  editor    = {Renate A. Schmidt},
  title     = {veriT: An Open, Trustable and Efficient SMT-Solver},
  booktitle = {Automated Deduction - CADE-22, 22nd International Conference on Automated
               Deduction, Montreal, Canada, August 2-7, 2009. Proceedings},
  series    = {Lecture Notes in Computer Science},
  volume    = {5663},
  pages     = {151--156},
  publisher = {Springer},
  year      = {2009},
  url       = {https://doi.org/10.1007/978-3-642-02959-2\_12},
  doi       = {10.1007/978-3-642-02959-2\_12},
  timestamp = {Tue, 14 May 2019 10:00:39 +0200},
  biburl    = {https://dblp.org/rec/conf/cade/BoutonODF09.bib},
  bibsource = {dblp computer science bibliography, https://dblp.org}
}

@inproceedings{KatzBTRH16,
  author    = {Guy Katz and
               Clark W. Barrett and
               Cesare Tinelli and
               Andrew Reynolds and
               Liana Hadarean},
  editor    = {Ruzica Piskac and
               Muralidhar Talupur},
  title     = {Lazy proofs for DPLL(T)-based {SMT} solvers},
  booktitle = {2016 Formal Methods in Computer-Aided Design, {FMCAD} 2016, Mountain
               View, CA, USA, October 3-6, 2016},
  pages     = {93--100},
  publisher = {{IEEE}},
  year      = {2016},
  url       = {https://doi.org/10.1109/FMCAD.2016.7886666},
  doi       = {10.1109/FMCAD.2016.7886666},
  timestamp = {Tue, 27 Jul 2021 08:54:13 +0200},
  biburl    = {https://dblp.org/rec/conf/fmcad/KatzBTRH16.bib},
  bibsource = {dblp computer science bibliography, https://dblp.org}
}

@inproceedings{Barrett2014ProofsIS,
  title={Proofs in satisfiability modulo theories},
  author={Clark W. Barrett and Leonardo Mendon{\c{c}}a de Moura and Pascal Fontaine},
  year={2014}
}

@inproceedings{HoenickeS22SMT,
  author    = {Jochen Hoenicke and
               Tanja Schindler},
  editor    = {David D{\'{e}}harbe and
               Antti E. J. Hyv{\"{a}}rinen},
  title     = {A Simple Proof Format for {SMT}},
  booktitle = {Proceedings of the 20th Internal Workshop on Satisfiability Modulo
               Theories co-located with the 11th International Joint Conference on
               Automated Reasoning {(IJCAR} 2022) part of the 8th Federated Logic
               Conference (FLoC 2022), Haifa, Israel, August 11-12, 2022},
  series    = {{CEUR} Workshop Proceedings},
  volume    = {3185},
  pages     = {54--70},
  publisher = {CEUR-WS.org},
  year      = {2022},
  url       = {http://ceur-ws.org/Vol-3185/paper9527.pdf},
  timestamp = {Mon, 26 Sep 2022 17:09:13 +0200},
  biburl    = {https://dblp.org/rec/conf/smt/HoenickeS22.bib},
  bibsource = {dblp computer science bibliography, https://dblp.org}
}

@inproceedings{McMillan11,
  author    = {Kenneth L. McMillan},
  title     = {Interpolants from {Z3} proofs},
  booktitle = {International Conference on Formal Methods in Computer-Aided Design,
               {FMCAD} '11, Austin, TX, USA, October 30 - November 02, 2011},
  pages     = {19--27},
  year      = {2011},
  url       = {http://dl.acm.org/citation.cfm?id=2157661},
  timestamp = {Sat, 29 Apr 2017 01:00:00 +0200},
  biburl    = {https://dblp.org/rec/bib/conf/fmcad/McMillan11},
  bibsource = {dblp computer science bibliography, https://dblp.org}
}

@misc{AxiomProfiler,
  url = {https://github.com/viperproject/axiom-profiler}
  }

@article{Barbosa20,
  author = {Haniel Barbosa and Other},
  title     = {Scalable Fine-Grained Proofs for Formula Processing},
  journal   = {J. Autom. Reason.},
  volume    = {64},
  number    = {3},
  pages     = {485--510},
  year      = {2020},
}

